2608 4338
100 191 103 200 ⁴
181 143 991 244 asrrrsus'srsacrosrnebra.v.
1052 151 1139 260 ,367
1230 211 1234 228 ,

58 325 216 414 natum,
242 317 319 405 stiae
336 319 497 398 habram
506 323 543 395 in
559 319 623 395 suo
636 335 822 418 ternpore,
847 321 885 396 in
896 319 962 394 suo
976 320 1133 420 Christo,
1197 360 1233 403 ·.·
1268 376 1274 386 -

60 423 98 497 ἀ
116 421 159 496 in
172 407 241 494 iuo'
284 423 397 518 opuio
416 422 671 516 operationes:
704 421 872 495 exhibeat
895 421 1015 514 itaque
1035 423 1141 498 Mar?

62 524 156 596 eio'n
169 520 241 594 Dei
254 445 305 594 firi
319 523 433 615 dona,
458 523 596 614 aliquos
609 519 826 615 prophetes,
853 521 913 614 qui
926 528 1044 596 tamen
1057 543 1135 596 non

60 621 111 696 ue
129 623 287 695 humano
305 619 425 716 sensu,
450 619 510 696 sed
527 621 573 696 de
593 619 662 694 Dei
683 619 808 715 spiritu
829 621 896 695 srnt
910 621 1047 715 locuti,
1074 623 1135 716 qui
1200 684 1202 692 ,

63 721 100 796 ὰ
120 721 245 796 futura
252 721 523 816 praenuntiarint
543 721 577 796 bt
598 720 716 795 cordis
736 723 881 796 occulta
896 722 1132 798 traduxerint.

63 822 159 898 Eia!
172 823 310 919 aliquem
326 824 496 918 psalm,
521 823 659 920 aliquam
675 822 838 918 offerrem,
864 823 1004 920 aliquam
1021 824 1137 894 ararir'·

61 933 166 1010 irem,
200 921 374 996 duntaxat
391 921 600 1016 spiritalem,
632 926 669 992 in
692 922 806 1020 ecssafi,
830 923 868 996 id
886 921 937 995 est
955 921 1134 1014 amentia,

59 1023 169 1124 {qua
185 1021 302 1116 lingua
325 1027 551 1117 interpretatio
574 1019 705 1112 arieffit.
760 1021 899 1098 Probet
921 1007 1028 1096 etiarn
1048 1021 1134 1094 mihi

64 1122 254 1198 mulierem
279 1121 372 1215 apud
392 1117 427 1194 se
444 1115 696 1218 prophetasse,
723 1143 768 1196 ex
786 1121 852 1196 iilis
869 1119 937 1196 suis
957 1119 1158 1214 sanctiori-'i

63 1223 133 1296 bus
153 1217 331 1316 foeminis,
361 1223 604 1319 magnidicam.
654 1219 691 1298 Si
713 1212 789 1323 haic
812 1221 932 1295 omnis
953 1219 1089 1294 facilius
1113 1241 1135 1292 a
1203 1285 1206 1292 .

20 1341 21 1368 ³
64 1341 127 1396 me
141 1321 393 1415 proferuntur,
422 1322 598 1414 &utique
619 1321 856 1418 conspirantia
870 1321 1000 1416 regulis
1019 1318 1054 1392 δι
1071 1315 1134 1392 dis·

20 1437 21 1468 i
66 1419 360 1515 petitionibus&
381 1421 569 1518 disciplinis
593 1421 791 1498 creatoris:
827 1421 899 1494 srne
926 1419 1037 1492 dubio
1064 1415 1137 1496 Dei

64 1523 137 1593 snei
158 1522 229 1598 etit
244 1521 277 1594 bt
293 1519 475 1615 Christus,
503 1519 718 1616 &spiritus,
746 1521 781 1594 bt
799 1517 1009 1614 Apostolus.
1061 1517 1135 1592 Ha-

66 1619 133 1694 bet
155 1619 406 1714 profeffionem
423 1640 559 1714 meam,
586 1623 646 1714 qui
666 1622 826 1696 voluerit
839 1641 916 1694 earn
932 1619 1084 1714 exigere.
1138 1656 1143 1664 ·

75 1736 80 1745 ·
145 1739 180 1814 9.
206 1715 352 1792 Interim
368 1719 604 1794 Marcionites
618 1721 705 1794 nihii
720 1715 916 1812 hujusmodi
931 1717 1136 1810 exhibebit,

20 1783 26 1932 J
89 1818 130 1890 ni
149 1819 254 1891 timet
265 1817 336 1910 Janr
352 1820 608 1914 pronuntiare,
635 1821 735 1912 cujus
752 1819 859 1914 magis
875 1815 1031 1892 Christus
1042 1829 1145 1890 nont

20 1935 21 1984 r
90 1936 153 1990 um
171 1918 214 1990 srt
228 1920 431 1991 revelatusr
456 1917 546 1992 sreut
562 1933 661 1993 meus
678 1917 927 2018 exspeeiandus
943 1917 1013 2011 est,
1035 1915 1099 2008 ¹qui
1114 1936 1139 1988 a·

64 2016 266 2112 primordio
284 2017 579 2120 preditam-est,
601 2019 695 2092 iliius
711 2017 848 2092 idcirco
862 2039 939 2091 non
952 2015 1034 2112 est,
1053 2015 1136 2110 quia

66 2127 182 2192 nona
203 2117 402 2210 primordio
425 2118 477 2216 srt,
537 2118 671 2194 Melius
689 2133 759 2192 nos
780 2119 953 2192 credimus
972 2119 1009 2190 in
1035 2115 1136 2188 Chri·

66 2215 158 2292 stum
177 2214 359 2309 futurum,
394 2237 498 2308 quarn
511 2217 704 2292 hereticus
725 2220 762 2291 in
781 2218 927 2290 nulium.
985 2219 1138 2286 Mortuo·
1243 2220 1246 2228 ’

68 2338 141 2388 rum
164 2313 417 2404 resurreiir'o'rsem
437 2315 722 2414 quondoquidem
741 2332 822 2386 tunc
837 2317 1010 2410 negarint,
1035 2314 1137 2408 prius'

69 2415 323 2510 dispiciendum
338 2413 399 2489 est.
425 2445 426 2450 Ν
450 2415 588 2508 Utique
598 2415 867 2507 eodemmodo,
890 2435 963 2506 quo
979 2414 1139 2490 &nurrce
1178 2451 1181 2454 ·

68 2515 105 2590 si
123 2515 270 2610 quidem·
280 2513 416 2608 semper
432 2513 640 2604 resurreetio
665 2515 778 2588 earnis
798 2528 959 2612 negatur.
1022 2511 1136 2585 Caete·

68 2635 148 2690 runr
163 2615 311 2687 annrarn
328 2612 580 2708 &sapientium
599 2615 717 2707 piures
738 2613 893 2686 divinam
909 2613 1135 2688 vindicantes

67 2713 201 2789 sairam
215 2715 494 2808 repromittunt,
522 2713 557 2786 δι
572 2715 701 2810 vuigus
715 2712 827 2808 ipsum
842 2736 884 2786 ea
894 2711 1136 2810 praesumptio-

64 2832 113 2888 ne
131 2812 317 2896 defunttos
338 2813 454 2908 colit,
488 2833 557 2906 qua
578 2814 708 2888 animas
731 2833 859 2887 eorum
881 2833 1024 2888 manere
1048 2835 1136 2886 con·

69 2912 159 2989 fidit.
210 2909 386 2986 Ceterum
409 2932 565 3008 corpora
584 2929 645 2987 aut
660 2911 801 3010 ignibus
814 2911 929 2988 statim
950 2929 1011 2989 aut
1027 2911 1134 3005 ieris,

70 3022 132 3087 tut
156 3013 264 3112 etiam
288 3012 540 3108 diligentiiiinte
564 3011 734 3104 condita,
768 3013 991 3106 temporibus
1016 3025 1135 3086 tannen

72 3112 228 3204 aboleri,
253 3110 473 3186 manifestum
498 3111 560 3190 sib
608 3112 644 3184 Si
663 3131 751 3208 ergo
777 3111 890 3186 carnis
911 3108 1136 3187 resurreetio·

71 3229 152 3286 rrern
177 3227 377 3308 negantes,
403 3210 600 3306 Apostolus
618 3211 798 3284 retundit:
822 3212 946 3302 utique
967 3207 1135 3284 adversus

71 3313 151 3387 iilos
167 3321 311 3406 tuetur,
338 3312 436 3402 quod
450 3313 499 3385 iili
519 3313 720 3408 negabant,
750 3312 864 3384 carnis
880 3308 1136 3384 scilieetresur·
1215 3367 1218 3374 .

72 3411 275 3486 retiionern.
326 3409 447 3484 Habes
475 3410 689 3504 compendio
719 3405 933 3504 responsum.
995 3407 1137 3482 Caetera

20 3539 21 3584 r
71 3514 140 3604 jarn
156 3529 202 3582 ex
220 3509 428 3585 abundanti:
476 3509 571 3584 Nanr
594 3507 628 3582 bt
649 3507 760 3602 ipsurn
783 3509 880 3602 quod
908 3501 1149 3607 mortnornrq'
1260 3566 1263 3575 .

20 3637 21 3646 ¹
72 3606 278 3684 resurrectio
297 3607 447 3701 dicitur,
478 3609 588 3708 exigit
606 3605 749 3682 defendi
768 3607 1006 3704 proprietates
1025 3626 1135 3682 voca·

20 3709 21 3712 ‘
74 3709 252 3784 buiorurn.
304 3703 496 3783 Mortuum
508 3729 586 3782 non
606 3707 679 3801 est,
703 3707 787 3802 nisa,
821 3707 919 3806 quod
939 3708 1048 3782 amiiit
1065 3709 1137 3795 ani,
1272 3771 1275 3778 .

73 3829 184 3905 mam,
209 3809 253 3884 de
266 3808 366 3904 cujus
383 3805 729 3982 iantltateffivebat.
782 3805 923 3906 Corpus
938 3803 1010 3900 est,
1038 3805 1136 3902 quod

226 3942 273 3958 ··
458 3931 481 3996 ·,
597 3929 672 4002 nt,
957 3906 1087 3992 amittit
