2616 4336
77 160 88 175 '
153 155 225 234 216
299 158 347 256 Q.
373 133 507 231 Sr'rr.
532 153 671 232 Fron.
696 153 1054 234 Taurorum
1087 242 1105 306 k
1149 189 1176 252 γ

153 317 227 416 ipsa
240 317 358 414 effigie
369 337 506 392 eorum.
559 315 859 413 Indignumenim
878 331 920 390 ut
935 317 1055 416 imago
1071 318 1130 391 dei
1146 317 1240 394 vivi

152 419 272 518 imago
301 417 445 492 idoli&
463 417 598 490 mortui
621 415 695 493 fiat.
747 415 870 509 Usque
892 417 1008 492 adhuc
1028 421 1242 512 proprieta-

154 533 229 596 tem
238 517 341 592 istius
358 517 500 590 habitus
518 515 551 590 δι
570 538 615 589 ex
634 515 926 616 originiscensu,
953 518 988 590 du
1000 541 1046 590 ex
1067 517 1241 614 supersti-

153 619 266 693 tionis
278 615 342 690 ulii
356 617 462 688 idolis
481 616 725 710 vindicamus,
760 607 874 692 exsec
893 622 1093 713 praeterea,
1129 619 1243 712 quod

129 779 131 782 .
154 718 239 794 dum
252 721 289 792 in
307 720 413 790 rebus
437 715 493 790 dei
508 738 585 794 nou
603 716 785 810 refertur,
812 719 921 814 magis
939 721 1122 814 magisque
1145 723 1241 794 ima«

179 819 359 890 oillorum
378 816 592 912 deputatur,
624 817 836 908 inquorum
855 819 890 890 dc
906 819 1178 911 antiquitatibus
1200 819 1243 892 ἃ

137 839 427 992 'solennitatibus
440 913 610 989 &officiis
627 919 856 992 convenitur.
907 917 993 1010 lpsae
1008 919 1164 1012 denique
1177 919 1243 992 fo-

154 1039 236 1112 res,
262 1013 342 1110 ipsae
360 1015 508 1109 hostie,
545 1017 687 1109 barae,
727 1017 790 1110 ipsi
805 1017 952 1090 ministri
971 1017 1006 1090 dr
1026 1011 1241 1092 sacerdotes

156 1138 285 1209 eorum
306 1129 541 1189 coronantur.
592 1115 716 1194 Habes
735 1117 896 1192 omnium
918 1119 1158 1214 collegiorum
1186 1117 1241 1191 sa-

148 1217 393 1290 cerdotalium
408 1225 566 1288 coronas
583 1215 677 1308 apud
695 1214 891 1290 Claudium.
930 1217 1003 1290 Sed
1019 1221 1052 1290 &
1067 1219 1164 1291 illam
1183 1219 1240 1291 in-

156 1315 403 1390 terstruximus
429 1313 688 1388 diffinitionem
711 1314 921 1390 differentiae
944 1317 1175 1392 rationalium
1201 1317 1241 1390 &

156 1415 438 1508 irrationalium,
467 1416 516 1488 eis
534 1429 789 1488 occurrentem
807 1415 867 1507 qui
889 1420 1184 1492 communionem
1198 1421 1239 1491 iu

158 1516 324 1589 omnibus
339 1513 385 1586 de
400 1514 623 1606 quorundam
641 1517 887 1608 exemplonun
905 1517 1095 1590 occasione
1110 1517 1239 1591 desen-

157 1615 258 1688 dunt.
303 1611 475 1694 Adhanc
493 1615 614 1707 itaque
630 1629 770 1708 purtem
787 1613 921 1688 caussas
934 1617 1007 1710 jam
1019 1615 1109 1710 ipsas
1126 1639 1239 1690 coro·

157 1715 273 1791 nerias
287 1712 412 1808 inspici
425 1712 603 1806 superest,
629 1729 671 1786 ut
686 1715 769 1790 dum
787 1715 1005 1790 ostendimus
1024 1729 1217 1815 extraneas
1224 1751 1237 1803 ν,

156 1815 232 1890 imo
256 1814 291 1886 δι
310 1816 507 1887 contrarias
531 1811 744 1907 disciplinas,
781 1817 915 1890 nullam
940 1835 1061 1889 earum
1082 1818 1238 1890 rationis

80 1963 82 1972 ·
156 1915 363 2010 patrocinio
378 1913 503 1988 sultam
519 1916 729 2008 probemus,
749 1916 847 2006 quod
860 1913 977 2008 posset
988 1915 1131 1990 habitus
1148 1915 1238 2009 ejvs.

151 2012 258 2101 modi
279 2010 360 2086 usus
387 2033 533 2106 quoque
556 2021 802 2088 commumom
824 2015 1016 2089 vindicari:
1062 2016 1126 2090 etsi
1154 2014 1239 2091 sunt

159 2112 323 2206 quidam,
339 2108 506 2206 'quor'um
521 2115 685 2208 exempla
709 2115 817 2188 nobis
835 2113 1071 2208 objectantur.

215 2237 218 2248 ·
237 2233 292 2287 11.
318 2209 464 2288 Etenim
481 2227 523 2285 ut
541 2212 647 2307 ipsam
669 2211 819 2288 caussam
837 2235 985 2296 corone
1001 2215 1162 2290 militaris
1179 2235 1240 2312 ag-

156 2311 309 2410 grediar,
332 2327 428 2406 puto
442 2314 543 2406 prius
559 2313 856 2408 conquirendum,
886 2337 930 2387 an
946 2315 1118 2390 intutum
1134 2313 1239 2390 Chri·

157 2411 277 2487 stianis
299 2413 424 2486 militia
441 2415 649 2490 conveniat.
702 2416 820 2509 Quale
836 2413 888 2512 est
906 2415 1066 2507 alioquin
1081 2416 1127 2488 de
1145 2417 1238 2489 acci

159 2512 327 2597 dentibus
347 2513 559 2607 retrudere,
597 2535 679 2588 cum
696 2535 716 2586 a
736 2516 1021 2608 precedentibus
1044 2515 1148 2606 culpa
1164 2514 1238 2588 siti

158 2609 394 2686 Credimusne
417 2613 609 2687 humanum
630 2612 885 2688 sacramentum
901 2615 1028 2688 divino
1049 2613 1240 2706 superduci

157 2711 282 2804 licere,
309 2712 343 2786 tc
359 2715 396 2785 in
412 2714 518 2786 alium
532 2714 717 2788 dominum
732 2711 949 2808 respondere
962 2704 1045 2812 post
1059 2707 1240 2790 christum

159 2810 195 2882 u
213 2812 348 2904 ejerare
369 2827 506 2906 patrem
529 2835 570 2884 ac
584 2829 756 2905 matrem,
789 2814 825 2888 dt
841 2836 985 2890 ornnem
1002 2813 1238 2910 proximum,

110 2965 121 2983 ..
159 2931 253 3003 quos
280 2911 315 2986 δι
340 2914 399 2986 lex
424 2913 598 2984 honorari
625 2914 660 2985 bc
684 2911 766 3006 post
796 2915 903 2989 derum
927 2913 1026 3010 diligi
1050 2913 1238 3009 praecipit,

74 3039 76 3046 ·
156 3028 252 3104 quos
267 3012 302 3084 dc
320 3009 557 3107 Evangelium
576 3011 655 3085 solo
673 3011 817 3088 ernisto
845 3014 957 3108 plur-is
979 3035 1064 3086 non.
1077 3011 1237 3108 iaciens,

158 3109 207 3184 fic
226 3131 372 3202 quoque
389 3111 620 3185 honoravit?-
642 3107 788 3188 Licebit
802 3113 840 3186 in
859 3112 981 3212 gladio
1004 3111 1238 3208 conversari,

160 3209 311 3282 domino
344 3211 604 3302 pronuntiante
628 3211 747 3308 gladio
773 3213 993 3307 periturum,
1029 3212 1090 3303 qui
1116 3214 1237 3308 gladie

159 3307 270 3384 suerit
283 3307 393 3383 ususi
418 3305 468 3382 Et
483 3313 608 3404 prelio
623 3312 831 3404 operabitur
847 3308 941 3386 filius
958 3313 1070 3404 pacis,
1097 3315 1156 3386 cui
1169 3333 1243 3391 nee

158 3409 299 3505 litigare
314 3409 540 3484 conveniet?
573 3407 622 3484 Et
645 3411 847 3487 vincula&
869 3431 1072 3504 carcerem,
1106 3411 1142 3484 ἃ
1164 3426 1240 3484 tor·

157 3519 281 3580 menta
290 3508 309 3598 ,“
330 3507 364 3582 δι
382 3507 552 3604 supplicia
575 3509 851 3604 administrabit,
887 3533 958 3587 nec
975 3507 1114 3584 suarum
1136 3515 1238 3584 ultor

159 3605 401 3699 injuriarum?
432 3610 508 3703 Jam
526 3606 698 3682 stationes
722 3625 784 3684 aut
801 3611 858 3684 alii
876 3612 985 3706 magis
1003 3609 1112 3683 faciet
1125 3631 1239 3702 qnam

162 3701 335 3794 Christo?
362 3707 477 3780 aut&
502 3707 686 3782 dominico
713 3709 771 3784 die
798 3707 945 3802 qivando
969 3731 1038 3782 nec
1064 3707 1238 3800 Christo?

159 3798 209 3878 Et
225 3801 420 3886 excubabit
441 3827 510 3908 pro
531 3809 676 3905 templis
692 3813 819 3907 quibus
834 3807 1088 3894 renuntiavit?
1115 3809 1239 3984 (ἐξεω-

602 3959 608 3965 -
846 3951 852 3960 ·
1085 3929 1130 3983 na
1156 3911 1187 3986 it
