2616 4336
167 212 237 286 174
338 189 387 290 Q.
412 153 539 262 Srrr.
563 181 697 264 Fron.
722 183 1060 276 Traron-rant

164 347 251 426 cusu
273 347 430 422 &motu
446 345 630 422 modulata
653 347 877 426 rescinditur.'
935 349 1073 452 Quodsi
1100 375 1262 432 nomen

163 450 255 526 istud
270 449 455 546 proprium
475 447 693 542 divinitatis,
720 449 945 546 &fimplex‚
972 473 1042 524 nec
1063 455 1262 548 interpre·
1282 449 1286 457 ’

164 551 338 628 tatorium
359 549 397 622 in
422 547 486 620 illo
511 547 597 622 Deo
631 549 910 644 reprehensum,
945 552 984 624 in
1011 565 1135 626 cetera
1163 578 1261 648 quae

165 653 254 726 deos
279 650 411 740 vultis,
439 647 570 720 docete
598 650 705 724 etiarn
731 650 907 742 qualitatis
934 651 1030 726 inter
1055 654 1140 726 illos
1175 655 1261 732 ess‘e

90 791 93 796 ·
148 751 409 840 consortium,
434 763 477 820 ut
486 749 572 844 jure¹
587 749 752 824 consistat
764 751 954 846 collegium
967 753 1125 827 nominis
1143 777 1260 832 com·

114 853 117 860 '
163 852 336 928 munione
358 845 568 924 substantie.
617 848 734 924 Porro
758 857 840 934 Θεος
863 851 924 924 ille
943 853 1016 944 jam
1042 853 1116 932 hoc
1136 855 1257 951 s010,

165 953 264 1046 quod
280 971 357 1023 non
376 947 418 1022 sn
436 949 688 1044 inpromptu,
714 963 821 1022 vacat
839 973 859 1022 a
879 954 1153 1046 comparatione
1179 979 1255 1040 eo·

108 1039 112 1052 '
164 1075 245 1126 rum
264 1071 340 1144 quae
362 1049 400 1120 in
418 1062 592 1142 promptu
608 1047 688 1122 sunt
709 1049 742 1122 δι
761 1048 851 1122 visui
869 1050 903 1124 tr
920 1049 1059 1146 sensui,
1085 1053 1146 1128 sed
1165 1053 1253 1129 sen-

82 1211 87 1218 .
163 1152 216 1228 sui
236 1149 316 1226 satis
336 1149 435 1242 quod
457 1147 508 1220 est
523 1147 715 1222 testimonii
733 1149 778 1222 ed
791 1149 1033 1226 diversitatem
1049 1156 1192 1228 occulti
1209 1160 1252 1228 δε

163 1249 339 1328 manifesti
363 1247 613 1338 renuntiati03
652 1249 677 1320 sr
706 1249 883 1325 elementa
907 1253 1022 1346 palam
1052 1255 1250 1350 propolita

70 1386 76 1404 ·
165 1347 356 1428 omnibus?
382 1345 558 1420 ficontra
574 1348 700 1441 Deus,
727 1350 882 1443 nemini,
921 1353 1108 1442 quomodo
1131 1369 1245 1448 pote-

162 1454 212 1525 ris
227 1471 273 1524 ex
291 1471 332 1522 ea
348 1459 449 1540 parte
465 1467 570 1540 quam
584 1469 662 1520 non
679 1447 797 1520 vidisti
814 1471 892 1541 quae
908 1452 1010 1524 vides
1033 1455 1243 1548 congredi?

48 1555 52 1570 ¹
103 1614 108 1634 Ι
165 1553 256 1624 cum
273 1569 360 1644 ergo
380 1567 457 1620 non
476 1547 585 1620 habes
611 1549 832 1644 conjungere
855 1547 954 1622 sensu
1067 1553 1241 1648 ratione,

164 1651 250 1745 quid
263 1647 448 1722 vocabulo
470 1647 691 1743 conjungis„
724 1661 767 1720 ut
786 1650 983 1744 conjungas
1005 1653 1113 1726 etiam
1128 1669 1241 1746 pote·

162 1749 280 1828 state?
305 1745 403 1820 Ecce
418 1747 514 1820 enim
529 1746 633 1820 Zeno
655 1767 799 1840 quoque
812 1751 999 1824 materiam
1019 1753 1240 1836 mundialem

80 1926 87 1945 ι
164 1875 185 1926 a
202 1852 289 1924 Deo
302 1853 458 1941 separat,
484 1847 547 1920 vel
565 1869 646 1920 eum
665 1869 730 1939 per
743 1848 859 1940 illam,
886 1861 1066 1941 tamquam
1080 1853 1152 1926 mel
1168 1875 1239 1946 per

162 1951 270 2041 {avos
288 1945 442 2022 transille
465 1945 563 2020 dicit.
614 1945 740 2037 ltaque
756 1948 953 2020 materia&
968 1949 1054 2024 deus
1069 1951 1143 2025 duo
1164 1975 1237 2026 vo-

43 2117 45 2122 .
164 2050 308 2140 cabula,
336 2045 412 2119 due
428 2065 496 2120 res.
546 2043 619 2118 Pro
635 2043 832 2120 discrimine
844 2049 1108 2126 vocabulorum
1125 2051 1239 2136 etiarn

162 2171 220 2230 res
245 2145 476 2240 separantur,
507 2145 614 2218 etiarn
637 2147 793 2218 materiae
820 2147 983 2220 conditio
1010 2153 1235 2228 vocabulum

63 2275 67 2288 ·
161 2247 330 2342 sequitur.
383 2244 520 2344 Quodsi
540 2246 686 2320 materia
702 2265 778 2318 non
796 2243 871 2338 est,
898 2249 980 2340 quia
997 2249 1045 2322 fic
1065 2249 1100 2321 δι
1113 2253 1234 2344 appel·

162 2350 251 2426 latio
273 2344 490 2442 prescribit,
524 2345 711 2435 quomodo
734 2365 810 2438 quae
833 2343 970 2420 suntin
989 2350 1159 2444 materia,
1193 2351 1232 2426 id

163 2449 217 2524 est
232 2451 431 2539 elementa,
463 2443 535 2516 Dei
554 2444 803 2536 habebuntur,
831 2467 913 2519 cunr
934 2451 1093 2522 membra
1110 2472 1130 2522 a
1149 2471 1231 2524 cor·

162 2538 255 2648 pore
282 2549 351 2642 alig
369 2605 378 2620 .
393 2603 401 2620 .
415 2603 446 2620 ..
476 2541 545 2616 else
569 2565 646 2616 non
667 2544 831 2636 poffint‘l
857 2545 928 2618 Sed
951 2548 1036 2640 quid
1052 2569 1122 2644 ego
1148 2571 1230 2630 curn

163 2643 531 2744 argumentationibus
571 2643 860 2740 physiologicis?
900 2645 1010 2721 S....
1043 2645 1230 2726 ascendere

163 2749 288 2826 debuit
303 2745 348 2818 de
364 2743 456 2817 statu
470 2743 618 2836 mundi,
653 2765 730 2818 non
745 2746 783 2816 in
798 2745 934 2818 incerta
949 2745 1076 2820 descen
1089 2806 1098 2822 .
1111 2805 1120 2826 .
1133 2805 1163 2824 ..
1187 2751 1227 2826 lo

162 2847 347 2944 platonica
372 2844 487 2916 forma
513 2841 720 2934 quadratum
744 2866 825 2918 eum
849 2847 1123 2944 angulatumque
1145 2869 1227 2930 com

128 2995 132 3006 ·
268 2947 316 3020 do
341 2943 479 3016 circino
497 2942 654 3014 rotunda
677 2944 728 3015 ita
753 2945 931 3040 collegit,
957 2945 1057 3039 quod
1079 2947 1151 3022 srne
1171 2971 1226 3024 ca·

162 3051 239 3145 pite
253 3045 367 3120 solum
387 3041 483 3115 credi
504 3043 655 3117 laborat.
707 3041 778 3116 Sed
792 3039 969 3137 Epicurus
993 3047 1052 3140 qui
1068 3047 1222 3146 dixerat,

164 3171 241 3242 quae
263 3145 366 3239 super
383 3164 473 3236 nos,
500 3141 587 3215 nihil
608 3141 765 3236 acinos,
793 3164 874 3218 curn
892 3145 927 3218 δι
944 3143 1018 3240 ipse
1032 3148 1157 3222 coelum
1173 3149 1223 3226 in·

161 3251 297 3343 spicere
320 3243 518 3334 desiderem,
548 3239 631 3316 solis
656 3243 781 3316 orbem
798 3243 960 3339 pedalem
981 3246 1222 3340 deprehendit.

161 3349 294 3422 Adhuc
307 3343 442 3417 scilicet
454 3341 636 3440 frugalitas
659 3341 749 3416 &in
768 3343 866 3416 coelis
888 3347 1068 3440 agebatur.
1117 3346 1223 3425 Doni.

163 3469 233 3541 que
251 3461 294 3520 ut
310 3443 457 3518 ambitio
471 3441 650 3533 profecit,
678 3441 784 3515 etiam
800 3440 853 3516 sol
869 3445 980 3518 aciem
991 3441 1087 3520 suam
1106 3461 1221 3528 exten

161 3547 240 3640 dit,
266 3548 316 3620 ita
332 3545 431 3616 illum
451 3540 576 3617 orbern
596 3543 769 3633 majorem
787 3541 1014 3638 Peripatetici
1031 3545 1222 3628 denotave-

158 3657 257 3720 runt.
323 3640 403 3714 Oro
427 3645 528 3731 vob,
562 3639 646 3731 quid
666 3637 755 3732 sapit
779 3643 1066 3736 conjecturarum
1085 3645 1220 3730 libidol

160 3745 260 3922 ffirid
276 3743 410 3836 probat
422 3753 522 3812 tanta
537 3735 811 3834 presumptione
827 3739 1097 3821 asseverationis
1113 3746 1219 3834 otium

211 3841 335 3923 cerate
372 3838 591 3922 merebaris
622 3841 760 3938 &qui
790 3840 946 3924 minuo
986 3845 1218 4022 adustorum?

1084 3957 1197 4018 ento·
