2612 4328
155 219 227 314 30⁶
302 215 350 314 Q.
375 205 513 286 Sara.
538 203 683 303 Eion.
707 171 1081 286 Terruerunt

155 389 341 458 certorum
348 374 550 467 probentur
564 371 730 446 incerta?
747 369 938 464 Ceterum,
953 369 1034 446 fiad
1045 369 1138 446 hanc
1150 389 1242 454 cau·

83 481 91 500 ‘
154 475 227 556 sam
258 471 422 568 &ipsam
448 471 564 546 adhuc
587 471 785 565 incertam,
820 473 927 544 etiarn
955 469 1244 566 argumentatio

153 575 302 660 incertis
322 571 575 658 adhibeantur,
589 569 705 648 series
723 569 1241 666 implicabiturqnaeffionurn,

29 751 31 756 ,
155 668 383 769 exipsorum
406 692 553 764 quoque
570 683 862 769 argumentorum
888 692 988 762 aeque
1009 671 1242 751 incertorum

144 774 314 862 retrado
330 771 608 868 periclitantium
630 771 675 846 de
694 769 767 846 fide
792 772 1079 866 perincertum,
1116 767 1241 847 &ibi-

34 885 51 934 5'
154 890 218 952 tur
246 873 285 950 in
315 872 392 948 illas
418 871 491 966 jam
515 871 839 949 indeterminabiles
870 870 1111 964 questiones,
1148 889 1241 962 quas

156 971 358 1069 Apostolus
385 993 463 1046 non
484 985 598 1046 amat:
624 971 675 1046 fin
696 972 741 1048 de
762 968 869 1046 certis
891 971 927 1044 dc
943 969 1174 1064 indubitatis,
1203 969 1242 1044 dr

44 1122 48 1130 ·
159 1071 331 1154 absolutis
355 1073 489 1169 regulae
509 1074 691 1166 partibus,
722 1073 867 1147 incertis
887 1071 922 1144 δι
942 1071 1056 1144 dubiis
1079 1069 1114 1142 δι
1135 1070 1241 1146 iner-

150 1174 289 1274 ¹peditis
310 1171 589 1268 praejudicabunt
606 1173 736 1266 plane,
760 1173 799 1244 in
820 1171 948 1264 quibus
965 1169 1151 1245 diverfitas
1169 1167 1241 1245 sta-

158 1288 217 1351 tus
241 1273 437 1348 invenitur.
487 1265 648 1347 Fortaffe
667 1293 711 1350 an
730 1293 808 1346 non
824 1283 1079 1365 provocentur
1096 1267 1242 1348 incerta

18 1457 19 1474 Ν
158 1375 205 1455 ad
221 1373 375 1448 formam
390 1382 596 1465 certorum,
619 1385 663 1444 ut
680 1373 831 1446 liberata
852 1393 873 1444 a
888 1369 1026 1463 reliqua
1051 1389 1240 1463 compara·

157 1474 269 1550 tionis
291 1471 562 1566 provocatione
612 1492 651 1548 er
672 1471 914 1549 diverfitatern
934 1470 1044 1566 status
1060 1469 1242 1564 principa

157 1572 232 1666 iis?
267 1569 360 1648 Cum
374 1569 563 1644 veroduo
579 1493 642 1644 gii
662 1585 941 1666 proponuntur,
966 1567 1167 1646 communis
1189 1567 1243 1648 est

160 1673 230 1748 illis
254 1671 364 1747 status
388 1669 603 1766 principalis.
655 1673 755 1775 Quid
774 1671 869 1746 enim
891 1671 992 1746 Deus
1015 1668 1092 1744 est?
1127 1669 1241 1747 ambo

157 1771 241 1850 sunt
262 1771 397 1864 innati,
428 1765 572 1863 infesti,
606 1771 742 1848 aeterni.
792 1771 864 1848 Hic
886 1773 955 1846 erit
978 1771 1087 1844 status
1106 1769 1243 1862 princi-

158 1873 260 1970 palis.
313 1869 452 1944 Caetera
468 1869 603 1944 viderit
618 1871 811 1965 Marcion,
843 1872 868 1944 ss
887 1872 924 1944 in
943 1867 1149 1944 diversrtate
1175 1865 1242 1942 dis-

158 1969 290 2068 posuit.
352 1969 558 2044 Posteriora
585 1975 679 2049 enim
702 1969 784 2048 sunt
806 1973 843 2044 in
872 1967 1087 2062 retradatu,
1126 1969 1243 2042 immo

16 2107 17 2110 Ν
99 2156 101 2162 ,
120 2073 126 2088 ’
143 2093 231 2162 ¹nec
247 2069 505 2162 admittentur,
531 2070 618 2146 fide
631 2072 819 2166 principali
834 2067 927 2146 statu
944 2067 1095 2164 constet.
1147 2067 1242 2140 Por-

158 2192 204 2247 ro
229 2169 391 2263 constat,
426 2171 508 2262 quia
522 2169 585 2244 Dii
599 2173 732 2246 ambo:
757 2172 793 2244 δι
814 2174 865 2248 ita
895 2171 940 2246 de
962 2167 1114 2263 quorum
1143 2167 1242 2242 statu

160 2269 304 2346 constat
328 2291 557 2347 communem
574 2271 674 2368 effe,
712 2291 794 2346 cum
818 2271 882 2346 sub
906 2291 953 2344 eo
981 2270 1024 2344 ad
1043 2267 1243 2362 probatio-

134 2391 244 2452 nem
275 2371 503 2444 devocantur
537 2369 563 2444 fi
590 2373 730 2451 incerta
748 2372 855 2464 sunt,
890 2371 934 2444 ad
960 2389 1088 2442 eorum
1113 2379 1239 2440 certo·

158 2491 239 2548 rum
253 2471 406 2546 fonnem
422 2473 661 2564 provocanda
679 2488 808 2562 erunt,
834 2491 916 2544 curn
930 2471 1056 2562 quibus
1073 2467 1118 2541 de
1137 2489 1241 2544 com·

160 2572 336 2658 meatione
360 2569 469 2644 status
487 2571 691 2666 principalis
715 2567 928 2664 censentur,
960 2581 1003 2642 ut
1025 2567 1240 2662 proinde&

160 2669 206 2746 de
219 2671 730 2762 probationecomnnmicent.
782 2671 878 2746 Hinc
893 2669 1015 2763 itaque
1029 2665 1239 2742 constantis·
1286 2671 1288 2684 '

27 2764 30 2773 ’
158 2769 243 2844 iime
258 2769 428 2865 dirigam,
452 2769 574 2846 Deum
590 2793 667 2846 non
686 2767 776 2866 effe,
803 2772 864 2864 qui
879 2769 922 2844 stt
937 2768 1046 2844 hodic
1058 2769 1239 2861 incertus,

160 2869 243 2960 quia
268 2879 372 2942 retro
389 2871 557 2964 ignotus:
584 2872 749 2965 quand0,
777 2891 883 2963 quem
905 2869 1044 2942 constat
1064 2865 1160 2962 effe,
1190 2885 1239 2942 ert

157 2967 233 3044 hoc
246 2963 324 3060 ipso
343 2965 504 3065 constat,
530 2973 629 3062 quod
643 2993 825 3064 nunquam
836 2971 945 3046 fuen't
956 2971 1127 3065 ignotus,
1146 2967 1237 3044 ideo

158 3087 228 3147 nec
251 3071 423 3146 incertus.
518 3140 541 3164 ,,
1228 3076 1234 3092 ’

135 3223 138 3233 .
236 3189 293 3244 10.
330 3167 510 3262 Siquidem
539 3191 561 3244 a
586 3169 787 3263 primordio
815 3188 936 3246 rerum
975 3165 1149 3244 conditor
1178 3187 1237 3240 ea-

157 3288 239 3342 rum
255 3289 336 3342 cum
359 3269 441 3362 ipiis
466 3271 600 3365 pariter
625 3285 832 3363 compertus
859 3269 930 3361 est,
967 3265 1051 3362 ipsrs‘
1078 3267 1123 3340 ad
1158 3266 1237 3342 hoe

69 3460 72 3471 ‚
156 3369 332 3463 prolatis,
363 3381 407 3440 ut
431 3369 534 3442 Deus
559 3369 851 3466 cognosceretur.
902 3370 987 3468 Nec
1008 3365 1149 3442 enimfi
1175 3367 1239 3440 ali·

159 3481 295 3559 quanto
318 3467 500 3562 posterior
520 3467 671 3561 Moyses
697 3470 829 3562 primus
857 3469 1002 3542 videtur
1027 3469 1066 3542 in
1094 3467 1240 3562 templo

156 3567 342 3645 literarum
369 3566 507 3644 suarum
531 3568 651 3642 Deum
671 3569 795 3642 mundi
821 3567 1013 3662 dedicaffe,
1050 3567 1189 3640 idcirco
1214 3589 1239 3640 a

155 3665 407 3761 Pentateucho
430 3669 565 3742 natales
596 3670 788 3764 agnitionis
812 3667 1119 3764 supputabuntur,
1152 3685 1238 3743 curn

23 3813 29 3819 .
156 3776 259 3836 totus
283 3767 406 3858 Moysr
434 3767 530 3840 stilus
552 3768 726 3844 noticiam
750 3770 925 3842 creatoris
950 3789 1028 3843 non
1049 3765 1239 3858 instituat,

155 3858 251 3938 seda
271 3864 474 3960 primordio
490 3879 632 3942 enarret
651 3890 671 3942 a
687 3868 848 3965 paradiso
867 3867 902 3954 dt
923 3865 1166 4043 Adamknon
1188 3865 1242 3940 ab·
