2612 4328
369 139 432 222 na
456 119 669 220 Fuoa'tu
691 137 1101 218 Pensaeuatoua.
1166 117 1205 172 ”⁷

201 309 303 383 urus
327 301 403 394 offis
428 305 515 376 cadit
541 309 578 376 in
602 320 732 377 terram.
791 299 874 377 Nos
898 313 1135 392 auternputo
1158 297 1205 372 nu

205 405 396 500 passeribus
423 404 637 480 antistamus.

277 529 314 598 4.
341 503 492 604 Igiturli
511 504 652 578 constat
667 525 687 576 a
702 524 775 596 quo
794 500 995 594 persecutio
1014 499 1175 592 eveniat,
1200 521 1205 590 p

206 604 321 682 sumus
335 606 407 698 jana
421 603 725 678 consultationem
740 617 838 675 tuam
856 603 1041 692 inducere,
1062 601 1095 674 &
1113 599 1205 674 detor

202 725 291 784 nare
308 727 353 778 ex
370 705 444 778 hoc
469 703 546 798 ipso
566 701 812 797 praetrattatu,
844 700 1051 798 fugiendum
1066 701 1103 772 in
1118 699 1205 794 peri

201 807 308 880 tione
335 825 412 878 non
438 803 519 880 esse.
570 803 608 876 Si
625 805 720 878 enim
742 799 943 896 persecutio
972 823 992 872 a
1019 799 1102 872 Deo
1129 822 1205 898 ever

198 907 306 980 nullo
326 903 440 978 rnodo
458 903 667 1002 fugiendum
688 903 778 994 erit,
806 901 905 994 quod
925 899 1043 974 aDeo
1071 901 1205 972 evenit:

202 1018 270 1078 cut
287 1003 421 1096 duplex
439 1003 535 1078 ratio
558 1004 730 1097 dependit
753 1003 835 1096 quia
854 1023 923 1074 nec
946 1000 1077 1073 debeat
1101 999 1205 1074 devie

200 1125 324 1196 neque
351 1103 456 1178 evadi
481 1103 605 1199 polilt,
633 1103 732 1198 quod
749 1125 771 1176 a
786 1103 874 1174 Deo
900 1101 1043 1174 evenit:
1069 1117 1147 1170 non
1173 1098 1205 1172 dt

201 1203 386 1298 devitari,
414 1203 496 1295 quia
512 1205 673 1294 bonurn3
710 1200 848 1277 necesse
868 1199 919 1274 est
937 1201 1031 1274 enim
1049 1199 1188 1272 bonurn

202 1323 339 1396 omne,
366 1303 463 1396 quod
474 1303 560 1379 Deo
571 1303 685 1380 visum
703 1301 764 1380 est.
813 1298 864 1374 Et
877 1298 1041 1394 nunquid
1051 1299 1137 1372 ideo
1152 1297 1191 1372 in

201 1401 277 1476 nest
298 1401 344 1478 fic
360 1402 513 1496 postium
535 1404 587 1480 est
603 1405 641 1482 U
666 1408 753 1476 vidit
775 1407 863 1476 Deua
880 1407 957 1498 quin
981 1405 1092 1472 bianum
1117 1402 1176 1484 eli.
1202 1423 1205 1472 ἱ

203 1502 305 1596 qttod
320 1517 505 1600 pgnoraret
524 1505 662 1578 bonum
680 1501 775 1594 else,
801 1499 864 1576 nisi
885 1501 1046 1594 vidisset,
1073 1497 1132 1575 sed
1148 1513 1191 1573 ut

203 1599 298 1676 sono
322 1605 583 1696 portenderet,
609 1605 746 1676 bonum
764 1600 834 1676 csse
852 1602 948 1696 quod
963 1601 1049 1676 Deo
1065 1599 1180 1674 visum
1202 1631 1205 1666 ι

201 1699 328 1778 Multa
341 1699 485 1794 quidem
503 1699 607 1794 stant,
634 1723 711 1794 quae
727 1702 843 1776 aDeo
859 1703 1053 1794 eveniant,
1080 1699 1205 1772 &aliu

200 1803 303 1876 malo
330 1802 512 1876 eveniant.
563 1802 641 1876 lnro
667 1803 803 1876 bonum
830 1801 882 1876 est
905 1801 1010 1894 iden,
1038 1801 1119 1891 quia
1145 1799 1205 1872 al

200 1902 345 1994 evenit,
371 1913 413 1974 ut
429 1901 639 1990 divinum&
655 1903 842 1975 rationale.
894 1901 993 2002 Quid
1007 1900 1101 1974 enirn
1118 1899 1205 1973 divit

200 2021 282 2076 non
300 2000 497 2093 rationale,
524 2021 600 2074 non
620 2001 783 2075 bonum?
801 1999 902 2102 Quid
917 2003 1069 2094 boumn,
1095 2001 1205 2074 nond

200 2099 317 2176 num?
344 2099 381 2185 Si
406 2113 526 2174 atatem
541 2099 652 2176 sensui
676 2101 842 2192 musque
866 2101 1036 2196 videtur,
1062 2119 1139 2174 uon
1160 2096 1205 2172 ser

200 2201 360 2276 hominis
386 2199 595 2293 prejudicat
623 2199 727 2273 statui
758 2221 904 2295 rerum,
936 2199 996 2276 sed
1020 2199 1129 2276 status
1156 2197 1205 2274 ser

200 2297 325 2372 Status
353 2301 447 2374 enim
467 2297 743 2392 uniuscujusque
764 2310 904 2376 certum
930 2300 1110 2392 quidest,
1136 2295 1196 2372 sed

201 2398 316 2476 sensui
330 2401 447 2495 legem
457 2433 474 2493 ,·
495 2398 547 2472 ita
562 2396 735 2474 sentiendi
750 2397 879 2474 statum
896 2399 996 2476 sicud
1013 2400 1073 2474 est.
1107 2395 1144 2470 Si
1155 2419 1205 2473 au

203 2497 299 2576 statu
315 2500 457 2592 quidem
469 2501 632 2590 bonurn,
659 2500 758 2591 quod
776 2493 896 2572 aDeo
915 2500 1040 2593 venit,
1067 2495 1205 2594 (nihile

101 2689 102 2692 p
205 2599 328 2674 aDeo
347 2621 424 2672 non
443 2600 601 2694 bonum,
628 2598 710 2691 quia
730 2599 919 2690 divinum,
954 2601 1035 2692 quia
1056 2598 1205 2672 rational

204 2696 319 2773 sensui
335 2719 427 2772 vero
441 2699 570 2774 malurn
585 2699 752 2792 videtur,
779 2699 848 2772 erit
861 2698 969 2772 status
982 2701 1020 2772 in
1030 2712 1136 2792 toto,
1163 2697 1205 2771 ser

204 2799 363 2874 invitio.
391 2797 493 2870 Statu
509 2799 711 2891 optimates
723 2799 908 2894 pudicitia,
927 2799 1121 2882 &veritae
1139 2799 1173 2872 ta
1182 2799 1205 2892 ja

163 2947 165 2950 -
207 2899 282 2991 tia,
304 2921 380 2992 quae
395 2920 415 2970 a
429 2899 626 2972 multorum
642 2897 740 2972 sensu
755 2897 951 2990 displicent.
1001 2899 1178 2992 Nunquid
1195 2899 1205 2969 i

206 2997 318 3072 status
347 2995 458 3072 sensati
483 2997 686 3072 addicitur?
713 2997 767 3072 lta
792 2998 1052 3093 &persecutio
1076 2998 1205 3073 stantia

207 3096 282 3192 est,
303 3098 385 3188 quia
400 3097 521 3172 divina
538 3098 770 3172 &rationalis
792 3097 994 3192 dispositio,
1021 3097 1132 3176 sensui
1153 3118 1205 3170 eol

206 3217 326 3288 uero,
343 3217 496 3288 quorum
509 3197 604 3272 rnalo
618 3197 742 3286 venit,
760 3196 930 3292 displicet.
969 3199 1103 3292 Vides,
1126 3199 1205 3272 etin

101 3387 102 3390 p
205 3297 270 3372 lud
289 3299 421 3372 malurn
432 3299 618 3372 nationale
634 3297 726 3390 apud
744 3297 863 3372 Deum
878 3297 1032 3391 habere,
1054 3313 1135 3373 curn
1152 3299 1205 3388 qui

207 3393 460 3492 persecutione
478 3397 657 3470 evertitur
672 3397 716 3470 dc
728 3395 860 3492 salute,
883 3397 973 3472 sicut
991 3398 1025 3470 dt
1043 3398 1131 3472 illud
1143 3393 1205 3468 bor

206 3497 351 3571 ratione
370 3499 607 3594 contingere,
635 3517 717 3570 cum
736 3497 816 3590 quie
840 3519 886 3572 ex
907 3495 1205 3591 persecutionep

208 3597 259 3670 cit
279 3595 471 3670 insalutes
498 3596 601 3668 nifisr
622 3595 879 3672 irrationaliter
900 3600 978 3692 quis
998 3607 1061 3670 aut
1077 3594 1205 3690 perita

206 3697 420 3792 dominun,
447 3708 510 3769 aut
533 3693 650 3772 salvus
666 3694 740 3775 est:
764 3695 797 3774 is
816 3717 894 3774 non
912 3697 1053 3796 poterit
1067 3691 1205 3790 persecu

204 3819 288 3882 nem
311 3800 445 3874 malum
470 3797 611 3894 dicere,
636 3815 715 3890 qua
739 3799 848 3876 etiam
870 3798 910 3874 in
932 3796 1032 3873 malis
1056 3815 1123 3898 pat
1145 3795 1205 3874 bor

688 3897 773 4002 Qs
1161 3893 1205 3976 2ss
