2616 4336
345 239 716 369 snuerrouns.
766 184 924 318 Lrsll.
1099 195 1181 345 149·
1264 299 1266 306 .

95 400 328 496 punitatem,
355 403 589 480 eternitatem
607 417 742 496 quanto
760 401 927 476 constare
940 399 1061 478 vultis.
1103 405 1169 482 An
1192 425 1197 433 ·

5 492 9 542 ⁵
96 503 154 576 lue
175 501 281 574 nobis
306 503 404 576 omni
422 504 536 578 modo
560 503 773 576 redimenda
800 503 1000 594 videntur,
1039 524 1084 576 an
1109 508 1168 580 alii
1299 541 1303 550 ·

97 599 246 676 ordines
277 601 435 676 dentium
465 601 769 695 Christianorum,
802 600 915 674 &alii
941 601 1065 694 specus
1091 601 1181 676 fau·
1263 593 1272 608 '

94 701 219 800 cium,
248 699 282 773 dt
305 702 362 774 alii
383 702 427 774 ad
447 701 570 776 incesti
593 702 775 776 libidinem
796 699 921 794 nervi,
971 701 1064 775 Non
1088 705 1168 798 opi·

95 817 199 880 uor:¹
213 795 292 872 satis
315 801 409 874 enim
430 799 481 874 est
499 802 604 876 nobis
630 800 704 876 sola
724 801 880 872 veritate
901 821 921 873 a
939 799 1058 874 vestra
1073 802 1167 894 polr-

95 901 201 972 tione
224 897 384 974 discerni.
435 899 601 976 Tertium
629 921 741 998 genus
768 899 944 994 dicimur,
971 897 1166 994 Cynopen·
1194 985 1197 992 ,

93 1011 153 1172 llae
169 997 304 1170 afiqgi,
330 1001 391 1072 vel
409 997 633 1096 sciapodes,
666 1001 729 1074 vel
754 999 860 1092 aliqui
879 999 925 1074 de
939 995 1168 1080 subterranea

135 1112 240 1192 ntrpo
267 1121 316 1174 es.
807 1143 810 1158 ·

176 1206 208 1278 8.
233 1197 270 1270 Si
297 1219 366 1292 qua
387 1197 464 1280 istic
488 1198 588 1292 apud
599 1219 670 1272 vos
695 1196 818 1272 saltem
836 1197 932 1272 ratio
954 1195 1026 1292 est,
1053 1199 1166 1274 edatis

91 1295 216 1370 velim·
233 1301 384 1391 primum
405 1297 439 1372 u
459 1295 650 1372 secrmdum
674 1319 813 1394 genus,
839 1313 883 1372 ut
907 1298 958 1370 ita
981 1298 1026 1372 de
1053 1301 1165 1374 tertio
1201 1334 1208 1347 ·

96 1393 250 1472 constet.
300 1397 537 1472 Psametichus
557 1397 699 1490 quidem
714 1398 858 1492 putavit
877 1397 943 1473 tibi
966 1395 1001 1470 se
1017 1395 1166 1493 ingenio

2 1562 3 1566 a
95 1499 306 1589 exploratus
323 1497 350 1573 li
368 1497 412 1570 de
420 1499 543 1668 sprima
561 1500 721 1593 generis:
746 1497 876 1601 dicitur
895 1497 989 1570 enim
1007 1495 1165 1577 infantes

94 1595 237 1666 recenti
255 1617 275 1666 e
297 1613 403 1690 partu
433 1595 571 1674 eorsum
590 1619 610 1670 a
629 1597 849 1670 commercio
865 1597 1052 1672 hominum
1067 1597 1163 1670 alen-

767 1188 773 1197 ι

2 1763 3 1770 ,
95 1693 167 1768 dos
189 1693 363 1770 tradidille
382 1695 536 1788 nutrici,
563 1717 667 1790 quam
686 1693 841 1790 &ipsam
864 1708 1059 1794 propterea
1076 1699 1165 1772 elin·

94 1806 292 1890 guaverat,
318 1798 409 1870 utin
432 1809 552 1868 totum
570 1798 692 1870 exules
710 1795 815 1867 vocis
834 1795 994 1870 humanae
1010 1817 1086 1877 non
1103 1817 1164 1871 eu·

0 1928 1 1937 κ
96 1891 179 1966 ditu
199 1891 396 1971 formarent
415 1897 624 1990 loquelam,
656 1895 714 1968 sed
733 1893 796 1968 suo
816 1907 1050 1988 promentes,
1084 1917 1163 1972 eam

2 1990 7 1999 '
93 1991 246 2086 primam
269 1995 452 2070 nationem
479 1993 728 2092 designarent,
756 1993 856 2088 cujus
881 1989 1008 2068 sonum
1032 2005 1163 2070 natura

1 2091 2 2096 ‘
95 2087 273 2168 dittallet:
298 2095 410 2188 prima
433 2095 577 2178 Bekkos
595 2096 797 2170 renuntiata
817 2092 883 2167 est:
909 2093 1164 2186 interpretatio

95 2191 175 2284 ejus
201 2191 303 2266 Panis
325 2193 417 2287 apud
435 2188 593 2290 Phrygas
618 2215 752 2268 nomen
776 2192 846 2268 est:
876 2192 1035 2289 Phryges
1056 2193 1163 2290 primi

94 2311 209 2386 genus
227 2293 356 2366 exinde
370 2293 557 2369 habentur.
608 2290 680 2368 Sed
701 2294 775 2368 hoe
790 2310 901 2366 unum
914 2293 1046 2382 erit‘de
1063 2295 1162 2368 vani·

94 2389 230 2467 tatibus
243 2391 438 2466 vestrarum
451 2393 648 2468 fabulanun
662 2415 738 2468 non
751 2389 984 2464 otiosenobis
997 2390 1163 2464 retraeta-

1 2573 2 2582 ,
94 2487 286 2585 blandum,
313 2513 386 2584 quo
409 2489 516 2566 fidem
538 2491 691 2566 vestram
709 2492 926 2564 vanitatibus
943 2511 1047 2583 quam
1068 2491 1162 2562 veri-

94 2589 230 2662 tatibus
257 2591 412 2666 deditam
432 2591 673 2668 demonstrare
699 2613 742 2688 ge
775 2593 782 2606 '
820 2613 875 2665 us.
925 2586 987 2665 An
1012 2589 1161 2666 omnino

94 2687 268 2762 credibile
282 2689 345 2784 fit,
371 2691 433 2764 tali
445 2695 608 2766 membro
623 2689 789 2783 defele,
816 2687 957 2762 vastato
973 2687 1077 2782 ipsius
1091 2691 1162 2766 anl-
1297 2765 1305 2776 ,

93 2807 164 2876 mae
184 2809 352 2886 organ0,
379 2789 413 2864 δι
435 2792 560 2883 utique
581 2791 751 2864 radicitus
770 2787 882 2881 ceso,
908 2787 1064 2864 callratis
1087 2787 1162 2862 fau·

95 2889 220 2980 cibus,
248 2911 323 2984 quae
343 2891 449 2966 etiarn
466 2889 682 2966 extrinsecus
702 2889 902 2983 periculose
911 2889 1162 2984 vulnerantur,

94 2987 228 3062 exinde
263 2991 349 3062 tabo
374 2992 411 3064 in
444 2991 642 3088 precordia
662 2990 862 3082 refluente,
892 2987 1075 3083 postremo
1102 2991 1162 3064 ali·

1 3167 3 3186 ‚
95 3089 264 3180 quamdiu
289 3087 499 3164 cellentibus
521 3092 721 3182 alimentis,
747 3091 860 3163 vitam
882 3087 1015 3162 nutrici
1033 3088 1163 3184 perdu-

1 3209 3 3222 ·
94 3183 197 3260 ralle.
247 3185 327 3286 Age
346 3209 467 3283 nunc,
491 3188 778 3283 perseveraverit
792 3187 996 3261 Philomelae
1009 3187 1161 3262 medice·

95 3287 228 3361 mentis
350 3307 454 3382 quam
472 3287 628 3383 &ipsam
641 3287 914 3384 prudentiores,
940 3307 1016 3360 non
1033 3285 1163 3380 lingua·

97 3386 221 3480 eaede,
257 3385 316 3464 sed
332 3387 481 3483 pudoris
501 3389 636 3462 rubore
660 3400 795 3462 mutam
816 3387 1109 3479 interpretantur.
1135 3383 1161 3462 u

1 3519 3 3540 ·
97 3505 187 3580 ergo
206 3485 323 3582 uixit,
347 3489 471 3583 potuit
489 3485 633 3560 effutire
651 3485 782 3580 aliquid
800 3482 986 3580 obtusum,
1013 3483 1163 3562 &exara

1 3595 3 3634 l
96 3585 284 3659 ticulatum
301 3585 427 3662 sonum
440 3585 703 3679 tinnimmque,
728 3585 1000 3661 finemodulatu
1014 3583 1162 3656 labello-

96 3703 198 3778 rum,
231 3683 388 3779 expanso
408 3707 492 3780 ore,
524 3683 846 3782 doguastwente,
880 3681 925 3756 de
948 3679 1030 3756 solis
1052 3679 1163 3760 fauci-

98 3783 166 3855 bus
191 3785 271 3882 cogi
292 3785 398 3860 licet:
423 3785 461 3858 id
485 3781 563 3858 fors
580 3799 668 3858 tunc
680 3783 864 3876 infantes,
891 3779 973 3874 quia
993 3779 1162 3874 unicum,

97 3881 236 3961 facilius
254 3885 509 3982 commentati,
526 3885 645 4062 pastali><
650 3881 892 3982 modulatius,
908 3893 1040 3988 utpote
1055 3881 1165 4054 qens-

564 4044 572 4055 .
672 4003 692 4078 3
1025 3996 1066 4055 tu
1081 4003 1114 4086 t,
