2616 4336
121 113 198 180 roo
292 91 344 196 Q.
367 89 497 172 Sur.
522 91 660 172 Fron.
684 87 1027 172 Traruttrrrrr

121 255 343 351 imprecaris,
363 255 398 329 dt
414 250 524 328 cineri
535 255 793 349 penesinferos
807 269 1042 332 tormentum
1067 249 1240 348 Aeque!

122 373 172 430 tx
196 353 295 428 bona
319 367 441 448 parte,
476 355 533 428 cui
561 357 709 452 gratiam
733 357 864 450 debes,
891 355 1019 430 ossibus
1045 354 1081 428 tr
1103 357 1236 430 eine·

123 455 225 530 ribus
241 453 318 546 ejus
333 453 558 550 refrigerium
574 455 837 550 comprecaris,
865 455 958 528 &ut
974 457 1067 530 bene
1082 457 1237 547 requi·

126 553 222 628 escat
244 551 337 647 apud
361 544 498 626 inferos
526 555 636 648 cupis.
689 552 727 628 Si
752 555 841 630 nihil
867 553 1029 648 pollionis
1056 551 1110 630 est
1141 556 1234 630 tibi

75 695 78 706 ·
124 653 208 750 post
219 669 402 745 mortem,
427 652 453 726 fi
476 654 575 726 nulla
597 651 713 729 sensus
737 653 1026 748 perseuerantia,
1062 654 1230 730 sideni-

125 773 197 848 que
217 751 306 828 nihil
323 775 360 826 es
379 751 451 846 ipsa
468 755 531 827 ubi
548 773 679 848 corpus
693 752 882 846 reliquisti:
909 775 972 826 cur
987 753 1158 831 mentiris
1177 755 1230 828 in

126 865 189 946 te,
215 851 310 946 quast
330 851 461 946 aliquid
478 853 573 926 ultra
588 854 662 948 pati
682 852 816 948 possis?
842 853 920 928 Inro
940 873 1005 926 cur
1023 855 1061 928 in
1080 865 1228 928 totum

122 954 232 1028 tlrnes
253 965 430 1047 mortem,
467 953 492 1027 sr
511 953 598 1027 nihil
621 953 758 1026 esttibi
780 953 976 1036 timendum
998 951 1081 1046 post
1105 972 1224 1028 mor-
1255 1045 1257 1052 s

124 1065 221 1146 tem,
248 1073 318 1144 qua
337 1073 409 1125 nec
429 1053 686 1148 experiundum
707 1051 789 1146 post
810 1051 991 1128 mortem?
1023 1049 1121 1126 Nam
1145 1051 1224 1127 etfi

127 1152 248 1230 dicere
273 1166 401 1245 potes,
438 1151 526 1226 ideo
548 1167 705 1228 mortem
731 1155 868 1246 timeri,
903 1173 981 1225 non
1002 1163 1046 1224 ut
1072 1151 1222 1243 aliquid

61 1343 65 1349 ¹
125 1253 342 1344 minantem,
370 1251 486 1345 sedut
508 1249 739 1326 commodam
758 1253 843 1324 vitae
863 1265 1126 1345 amputantem:
1158 1263 1219 1324 ot·

127 1353 317 1446 quio-cunr
332 1350 368 1424 a
382 1352 613 1426 incommoda
630 1353 739 1447 longe
765 1352 866 1444 plura
886 1351 972 1424 vita
994 1353 1130 1444 pariter
1148 1371 1220 1425 ex·

35 1505 37 1510 -
89 1487 92 1492 Δ
129 1453 257 1544 cedas,
290 1449 553 1528 &lucratione
580 1451 754 1547 gravioris
781 1451 893 1546 partis
918 1463 1054 1524 matum
1078 1449 1217 1544 diluis,

127 1571 197 1626 neo
218 1551 290 1644 jam
307 1551 464 1624 timenda
477 1549 527 1627 est
545 1551 893 1642 amiffiobonorum,
920 1571 996 1641 quae
1007 1551 1096 1623 alter
1111 1573 1124 1624 a
1140 1551 1216 1622 bo·

127 1671 204 1744 no,
229 1651 334 1724 idest
350 1651 669 1726 incommodorum
686 1673 794 1744 pace,
820 1645 996 1745 pensatur.
1046 1647 1103 1724 N<
1118 1671 1141 1722 a
1158 1647 1216 1724 est

128 1751 349 1844 manendum,
383 1753 482 1844 quod
504 1771 574 1828 nos
595 1753 724 1826 liberat
749 1753 793 1826 ab
818 1751 915 1826 omni
942 1748 1117 1836 timendo.
1171 1747 1213 1826 Si

129 1851 234 1928 times
252 1852 330 1924 vita
347 1851 543 1945 decedere,
569 1851 652 1945 quia
667 1849 840 1946 optimam
854 1847 968 1923 nosti:
994 1863 1094 1924 certe
1110 1868 1213 1924 mor»

129 1963 204 2024 tem
220 1952 348 2024 timere
363 1973 439 2024 non
457 1951 592 2040 debes,
619 1972 725 2044 quarn
740 1953 866 2028 malam
879 1946 1007 2024 nescis.
1051 1946 1107 2028 At
1126 1969 1213 2024 cum

126 2051 257 2141 times,
284 2051 349 2124 scis
364 2051 500 2125 malam
553 2049 645 2124 Non
670 2049 775 2124 scires
800 2063 920 2123 autent
942 2049 1090 2142 malam,
1125 2048 1211 2140 quia

128 2164 200 2230 ree
213 2149 379 2244 timeres,
402 2147 642 2242 sinonfcires
669 2149 800 2242 aliquid
825 2145 894 2224 elle
919 2145 1002 2244 post
1023 2159 1207 2243 mortem,

131 2249 231 2344 quod
250 2271 327 2324 eam
345 2250 472 2326 malam
487 2247 617 2346 saciat,
643 2263 685 2323 ut
702 2251 838 2324 timeas.
874 2245 1092 2324 Omittamus
1110 2269 1209 2326 nune

129 2351 328 2424 naturalem
357 2348 509 2424 formam
526 2350 674 2426 timendi
696 2363 863 2424 mortem.
915 2347 1038 2422 Nemo
1060 2349 1209 2444 timeat„

46 2509 48 2519 .
133 2449 234 2544 quod
253 2449 408 2524 evadere
431 2471 509 2524 non
532 2446 664 2543 potest.
713 2446 780 2524 Ert-
801 2448 913 2522 altera
933 2462 1036 2541 parte
1060 2468 1130 2524 con
1171 2469 1208 2520 e-

133 2549 242 2644 dior,
268 2549 418 2624 laetioris
437 2547 509 2644 spei
530 2547 613 2644 post
625 2560 792 2622 mortem.
833 2547 931 2623 Nam
947 2548 1114 2623 omnibus
1139 2566 1207 2622 ‘ere

94 2735 96 2738 ,
131 2647 292 2744 ingenita
309 2643 360 2724 e'st
378 2649 479 2722 fama
501 2647 755 2742 postmortem
775 2647 922 2742 cupido.
971 2649 1137 2742 Longum
1154 2645 1205 2722 est

84 2747 91 2764 ⁸
132 2759 298 2836 retexere
314 2745 462 2824 Curtios
480 2747 711 2844 allegatos,
738 2747 800 2825 vel
814 2747 963 2826 Grecos
979 2748 1094 2837 viror,
1118 2765 1205 2836 quo·

131 2857 215 2922 nun
227 2845 413 2922 innumera
434 2848 553 2944 elogia
573 2847 654 2920 sunt
676 2859 895 2942 contemptae
916 2847 1043 2922 mortis
1058 2857 1203 2938 propter

58 2995 93 3044 .‚
133 2943 333 3046 postumam
357 2946 498 3021 famam.
553 2949 646 3048 Quis
673 2968 752 3020 non
787 2947 898 3023 hodie
921 2947 1102 3022 memoria
1125 2943 1203 3038 post

131 3060 290 3124 mortem
315 3044 582 3139 frequentandae
608 3049 658 3120 ita
682 3045 821 3140 stridet,
846 3062 889 3121 ut
913 3047 976 3119 vel
1002 3045 1201 3128 litteramrae

74 3153 79 3164 '
135 3145 330 3239 operibus,
376 3145 436 3219 vel
461 3145 737 3240 simplici'laude
760 3169 926 3240 morum,
968 3141 1030 3220 vel
1056 3143 1201 3240 ipsorum

100 3269 111 3286 ·
133 3241 405 3340 sepulchrorum
425 3247 637 3338 ambitione,
660 3267 796 3322 nomen
814 3245 912 3322 strum
930 3243 1078 3320 servet?
1101 3245 1201 3322 Unde

136 3345 251 3422 trinta
270 3345 380 3421 hodie
403 3344 567 3420 meone
587 3345 719 3439 aliquid
728 3393 746 3440 ,-
778 3349 876 3439 quod
903 3345 994 3418 velit
1017 3339 1098 3440 post
1114 3363 1199 3424 snor-

135 3437 236 3540 t'em,
264 3445 298 3518 dr
314 3459 508 3559 tantopere
522 3465 747 3541 preparare,
774 3465 847 3539 quo
862 3445 904 3520 stt
919 3445 1023 3520 usum
1039 3439 1118 3537 post
1131 3443 1199 3533 obis

136 3553 236 3622 tum:
258 3545 285 3618 sr
302 3545 391 3620 nihil
407 3545 451 3621 de
470 3545 615 3661 postero
631 3543 738 3619 sciret
758 3543 776 3618 s
801 3543 872 3620 Sed
889 3543 1038 3621 forsitan
1057 3543 1100 3616 de
1111 3539 1199 3656 sensu

28 3767 29 3772 ψ
81 3698 85 3708 ·
135 3641 642 3841 rrlrrtrrrrrr
672 3742 1195 3940 ,mam
