2572 4332
159 180 211 294 id
308 185 356 295 Qss
380 187 518 276 ster.
542 175 686 272 Psoi.
708 151 1082 319 Trarortrsur

10 435 13 446 ,
139 355 262 432 'alicui
288 317 424 427 arcane
449 327 775 450 praesiruebantur,
813 341 891 429 n'on
913 320 962 431 ad*
982 317 1247 450 erogationem

156 451 349 556 Iegis,‘sed
377 446 431 528 ad,
448 453 704 548 exemplarium
726 449 848 536 causs'ae
874 453 953 552 sure.
1005 449 1182 546 Alioquin
1207 451 1239 540 si

32 603 35 612 .
155 557 285 633 haecut
302 551 489 626 aduersarii
506 553 593 652 legis
606 555 903 648 interpretemur,
926 551 1087 646 nunquid
1102 547 1251 648 unos,-

157 655 258 754 quod
272 653 305 726 ἀ
320 643 569 746 Marcionitae,
593 649 867 748 inconstantiam
881 649 1105 728 adscribimus
1118 648 1243 730 omni-r

157 752 331 852 potenti?
357 770 463 846 quem
488 748 536 832 ilii
560 753 634 826 hoc
667 751 780 828 modo
807 752 1058 828 destruuntur
1080 750 1240 826 muman

156 855 250 948 lem,
285 853 368 952 dum
392 853 473 926 alibi
491 866 615 946 vetat,
642 855 726 928 alibi
742 851 918 948 mandati
951 853 989 926 Si
1007 853 1085 946 quis
1110 865 1246 933 autem·

43 1015 50 1036 ,,
157 954 343 1030 dissimulat
359 953 452 1026 illam
469 949 616 1046 effigiem
628 955 710 1026 aerei
720 949 890 1052 serpentis
904 1007 916 1046 ,
943 949 1090 1046 firspensr
1104 953 1141 1024 in
1153 975 1237 1028 rno-

159 1053 269 1147 dum,
295 1049 444 1150 'liguram
462 1051 647 1153 designasse
663 1053 866 1146 Dominica·
884 1055 1024 1132 turcis,
1050 1073 1071 1126 a
1092 1049 1237 1148 serpen·

157 1155 276 1246 tibus,
307 1149 410 1226 idest
430 1154 472 1226 ab
493 1155 623 1248 angelis
644 1151 777 1227 diaboli
801 1154 1004 1228 liberaturae
1024 1173 1118 1247 nos,
1146 1149 1260 1232 dum·

4 1247 5 1316 Ξ
32 1327 34 1330 ,
157 1243 458 1350 persemetipsum
484 1253 693 1348 diabolum,
719 1248 844 1346 idest,
871 1251 1069 1348 serpentem
1086 1250 1234 1328 interse-

4 1389 5 1424 l
144 1351 255 1428 'sium
275 1351 474 1448 suspendit,
501 1351 574 1426 live
600 1375 677 1446 quae
704 1353 769 1429 alia
791 1351 912 1450 figure
928 1353 1025 1428 istius
1052 1351 1235 1446 expositio

4 1455 5 1522 ὲ
158 1451 381 1548 dignioribus
405 1453 568 1526 revelata
593 1451 665 1551 est,
692 1452 888 1528 dummodo
915 1451 953 1526 A
979 1451 1115 1528 ostolus
1142 1448 1236 1528 affir-

4 1549 5 1622 Γ
157 1565 234 1628 met
255 1553 374 1624 omnia
391 1565 479 1624 tunc
498 1549 649 1648 figurate
663 1553 803 1648 populo
818 1553 930 1626 accidi
960 1574 999 1628 e:
1023 1553 1116 1646 bene
1132 1545 1237 1645 quod

4 1679 6 1748 ς
157 1649 253 1728 idem
270 1651 369 1723 Deus
394 1653 452 1744 qui
470 1653 690 1748 lege‘vetuit
712 1651 969 1743 'similitudinem
987 1649 1088 1744 fieri,
1116 1664 1237 1728 extra·

4 1801 5 1818 r
160 1751 345 1824 ordinario
362 1769 545 1844 praecepto
562 1751 733 1848 serpentis
749 1751 1007 1826 similitudinem
1020 1753 1159 1828 indixit.
1197 1751 1236 1826 st

159 1849 315 1924 eundem
334 1849 454 1924 Deum
475 1853 666 1948 observas,
692 1853 802 1928 habes
824 1855 858 1926 le
884 1853 1058 1948 emejus,
1086 1851 1238 1951 lisefecess

162 1955 209 2023 'ris
221 1949 468 2044 smilr't'udirum.
499 1945 554 2052 ,Si
576 1875 962 2051 &praeceptumsasiae
977 1951 1103 2046 postea
1120 1949 1251 2026 simili-⁴

4 2091 5 2112 t
40 2105 44 2114 .
158 2049 293 2122 tudinis
314 2047 479 2143 respicis,
500 2050 541 2123 ’δι
559 2065 602 2128 tu
621 2053 758 2126 imitare
773 2051 952 2146 Moysen,
978 2073 1024 2126 ne
1042 2051 1154 2126 facias
1176 2048 1239 2126 ad·

159 2147 284 2270 yersus
311 2151 425 2248 legem
450 2141 673 2281 simulactu'm
700 2152 870 2250 aliquod,
893 2150 956 2226 nist
981 2153 1016 2228 bt
1038 2153 1106 2226 tibi
1128 2147 1237 2232 Dent

72 2333 77 2345 ⁶
155 2247 277 2425 Juss'egt
279 2261 334 2424 tbi
351 2297 609 2426 nullalex'Dei
621 2335 858 2448 prohibuisset
870 2351 969 2428 idola
982 2347 1060 2426 fieri
1076 2351 1239 2462 anobis,

158 2429 297 2542 [inulla
309 2461 391 2522 ‘uox
406 2447 544 2546 spiritus
560 2449 663 2524 santii
675 2451 950 2545 fabricatoribus
964 2451 1146 2526 idolorum
1157 2467 1238 2526 non
1263 2519 1267 2528 .

139 2551 276 2634 ¹tninus
300 2567 404 2642 quam
420 2550 619 2639 cultoribus
639 2545 940 2626 comminaretur:
967 2551 1011 2624 de
1029 2549 1106 2644 ipso
1124 2549 1238 2624 sacra·

159 2663 285 2738 mento
305 2647 442 2744 nostro,
456 2653 773 2746 interpretaremur
790 2653 895 2751 nobis
916 2649 1079 2726 aduersas
1100 2649 1170 2727 ell'e
1195 2645 1239 2726 fi·

160 2747 219 2822 dei
245 2747 417 2848 ejusmodi
443 2766 548 2826 artes.
602 2749 805 2852 Quomodo
831 2753 929 2834 enim
950 2751 1236 2851 renuntiavimus

161 2847 313 2944 diabolo·
329 2847 365 2921 dt
387 2853 518 2951 angelis
538 2851 642 2942 ejus,
668 2851 693 2926 fi
711 2873 775 2926 eos
792 2849 972 2926 facimus?
999 2849 1112 3028 (guod
1129 2869 1237 2944 repn-

161 2943 260 3021 'dium
277 2946 426 3022 diximus
446 2951 510 3044 iis,
538 2969 612 3022 aon
626 2950 716 3048 dico
739 2953 993 3052 cumquibus,
1032 2951 1076 3023 ed
1099 2949 1142 3025 tie
1161 2950 1238 3045 qui·

161 3045 229 3122 bus
249 3047 440 3122 vivimus?
467 3041 585 3149 Quam
612 3049 823 3126 discordiam
846 3049 1058 3144 suscepimus
1084 3053 1120 3122 iu
1145 3069 1236 3150 eos,
1262 3051 1263 3057 ’

64 3191 69 3196 -
163 3147 291 3240 quibus
309 3147 538 3222 exhibitionis
557 3149 685 3224 nostrae
701 3152 813 3247 gratia
825 3151 978 3248 ¹obligati
996 3147 1141 3224 sumus?
1166 3146 1238 3226 Po·

162 3257 218 3319 tes
234 3245 352 3344 lingua
368 3245 527 3346 negasse,
551 3250 649 3343 quod
669 3269 775 3323 manu
794 3247 1160 3326 consterni-‘Verbo
1179 3248 1240 3348 de·

163 3341 323 3440 struere,
351 3347 449 3442 quod
468 3347 562 3422 fatto
579 3347 716 3422 struis?
742 3347 866 3428 Unum
881 3347 1002 3424 Deum
1017 3351 1249 3451 predicare,

164 3447 226 3617 qui
245 3457 368 3522 tantos
390 3443 532 3521 efficis?
558 3449 832 3526 VerumDeum
848 3449 1067 3546 predicare,
1094 3453 1155 3544 qui
1174 3451 1240 3525 fal·

181 3565 223 3616 os
240 3543 358 3620 sacis?
382 3542 492 3622 Facio
510 3540 581 3644 (ait
599 3547 761 3648 quidam)
780 3549 839 3623 sed
855 3571 931 3624 non
946 3553 1045 3627 colo.
1072 3549 1167 3642 quasi
1180 3549 1238 3624 ob

106 3725 110 3734 ,
166 3643 317 3736 aliquam
334 3645 484 3721 caussam
503 3647 624 3722 colere
644 3669 719 3723 non
738 3649 890 3734 audeat,
923 3651 985 3724 nisi
1004 3649 1053 3722 ob
1075 3669 1182 3740 quam
1204 3647 1240 3724 dt

23 3823 28 3832 ‚
164 3739 287 3818 facete
303 3765 378 3819 non
395 3745 549 3842 debeat,
582 3745 717 3822 scilicet
736 3749 785 3824 ob
803 3751 876 3826 Dei
900 3747 1073 3822 offensam
1099 3749 1239 3822 utrobi·

166 3861 248 3938 que.
298 3841 378 3922 Imo
399 3857 441 3921 tu
457 3847 574 3944 colis,
600 3849 664 3946 qui
679 3845 767 3925 sacis
782 3861 827 3924 ut
846 3847 920 3925 coli
942 3847 1083 3944 posint
1113 3843 1238 4026 oesfgli‘s

354 3968 356 3972 ·
434 3980 439 3985 -
1041 3968 1114 4024 au
