2582 4322
193 191 449 254 tantatos
474 167 805 251 Mincioiitir.
832 171 932 252 Lin.
958 175 1005 256 Π.
1056 171 1128 276 367
1178 175 1196 284 'x

65 329 191 434 dieat,
217 333 420 414 iimoiitiam
437 335 577 429 iustitie
591 333 922 429 nomomensis,
947 338 1129 432 qoiajiista
1268 377 1273 384 ‹

65 439 217 516 exitium
231 435 417 512 destinarat
430 437 469 508 in
482 435 687 528 Ninivitas,
712 436 759 508 fic
772 455 916 528 quoque
932 439 1127 529 culpando·

64 537 146 627 est,
174 537 232 630 qui
252 536 392 630 justitie
408 538 533 626 utique
555 555 633 608 non
656 535 873 628 poenitendae
884 537 1130 628 penitentiam

90 637 174 715 eiiit.
224 635 302 710 Iino
321 655 391 708 nee
406 632 568 727 justitie,
592 637 756 727 inquam,
781 635 969 729 poenitebit
982 635 1126 731 Deum,

61 659 102 810 {a
127 733 280 833 superest
305 738 378 828 jam
398 730 615 828 ¹agnoscere,
651 733 735 826 quid
754 735 794 806 iit
816 734 1023 829 penitentia
1039 735 1126 816 Dei.

59 832 158 910 Non
185 835 301 926 enim,
334 833 360 906 fi
383 831 564 908 hominem
592 853 637 906 ex
658 833 912 908 recordatione
935 833 1124 928 plurimum
1244 871 1248 880 v

60 932 212 1028 deitati,
244 931 474 1006 interdurn&
498 952 544 1004 ex
563 931 708 1024 alicujus
724 931 812 1008 boni
836 935 955 1026 operia
974 935 1124 1030 ingratia

87 1035 239 1127 oenitet,
264 1031 349 1106 ideo
370 1031 403 1107 dt
423 1029 543 1107 Deum
565 1031 728 1123 proinde.
777 1030 820 1104 In
842 1041 1011 1124 quantuni
1029 1037 1126 1112 enini

100 1152 166 1208 eus
189 1153 257 1206 nec
276 1132 405 1204 maloin
422 1130 608 1224 'adinittit‚
638 1149 710 1204 nee
727 1132 863 1204 bonum
887 1131 1052 1224 damnat,
1084 1134 1125 1210 in

55 1243 201 1306 tantuin
218 1250 287 1304 nec
301 1229 518 1324 poenitentiae
533 1229 620 1302 boni
641 1242 701 1302 aiit
715 1231 796 1304 maii
814 1229 906 1324 apud
918 1251 1000 1306 euni
1017 1234 1122 1308 locut
1255 1269 1259 1282 ·

54 1329 127 1404 est.
178 1327 273 1404 Nam
292 1329 328 1400 dt
355 1331 427 1402 hoc
449 1328 515 1402 tibi
542 1323 664 1402 eadem
688 1325 861 1423 scriptura
887 1327 1124 1425 determinat,

57 1429 208 1504 dicente
222 1427 497 1519 SamueieSaiiii‚
513 1423 664 1502 Discidit
677 1425 840 1502 dominus
852 1449 1000 1526 regnum
1012 1428 1122 1506 israe·

54 1529 104 1604 lis
121 1527 166 1604 de
189 1547 296 1604 manu
314 1539 378 1600 tua
402 1526 532 1617 hodie,
566 1527 600 1600 dt
621 1526 719 1602 dabit
737 1527 824 1602 illud
843 1531 1120 1624 proximotoo,

35 1629 203 1722 -optimo
220 1624 323 1720 supet
336 1639 396 1718 te,
428 1625 463 1698 dt
487 1623 786 1700 scindetmlsrael
808 1627 845 1700 in
869 1626 954 1700 duas
973 1641 1119 1724 partes,

57 1727 96 1800 ar
122 1745 200 1800 non
219 1735 480 1816 convertetur,
511 1743 627 1814 neque
650 1726 892 1820 penitentiam
913 1743 1013 1820 aget,
1039 1730 1123 1820 quia

54 1845 145 1902 non
163 1825 253 1898 sicut
272 1823 392 1898 homo
419 1821 543 1898 estred
568 1823 819 1915 poenitendiini.
880 1823 969 1898 Hoc
997 1826 1121 1918 itaque
1235 1911 1240 1922 ,

55 1919 223 1999 definitio
241 1923 279 1999 in
297 1923 460 1996 omnibus
474 1923 575 1996 aliam
590 1920 741 1996 formam
759 1921 888 1998 divine
902 1923 1123 2017 ponitentiae

54 2019 203 2116 statam,
230 2043 307 2116 quae
321 2039 437 2116 nequa
453 2043 497 2094 ex
509 2021 805 2114 improvidentia,
831 2042 948 2115 nepte
969 2042 1015 2098 ox
1028 2025 1118 2098 levi·

54 2135 156 2217 tate,
177 2143 298 2218 neque
318 2143 363 2194 ex
380 2121 453 2194 ulla
470 2121 559 2194 boni
578 2133 640 2192 aut
654 2123 735 2194 maii
750 2122 869 2216 operis
888 2121 1119 2200 damnatione

53 2234 271 2318 reputetur,
295 2220 384 2294 ficut
406 2219 566 2294 humana
617 2219 708 2320 Quis
728 2241 814 2316 ergo
834 2221 993 2299 eritnios
1007 2225 1119 2316 poeoi·

54 2321 181 2396 tentiae
202 2311 356 2394 divine?
377 2319 669 2412 jamnelucetg'si
687 2341 764 2394 non
782 2318 1008 2394 adhumanas
1029 2341 1117 2396 coii-

56 2419 216 2496 ditiones
234 2441 311 2495 eam
336 2417 479 2492 referas.
535 2405 636 2490 Nihil
654 2417 748 2496 enini
765 2417 860 2490 aliud
875 2419 1118 2520 intelligetur,

55 2541 163 2612 quani
179 2519 321 2612 simplex
338 2516 527 2590 conversio
542 2505 725 2603 sententiat
744 2517 890 2614 prioii's,
914 2537 993 2609 quie
1010 2519 1119 2594 etiarn

52 2619 131 2698 fine
154 2617 429 2711 reprehensione
451 2617 525 2708 ejus
545 2616 650 2712 poiiit
671 2615 832 2708 admitti,
866 2617 972 2690 etiam
993 2617 1032 2690 in
1048 2618 1118 2692 ho-

53 2720 175 2809 mine,
201 2717 331 2790 nedum
351 2717 387 2790 iri
408 2715 519 2808 Deo,
555 2715 654 2806 cujus
679 2715 794 2790 omnis
816 2713 990 2790 sententia
1014 2729 1116 2796 caret
1220 2733 1222 2741 ’

47 2817 172 2913 ¹culpa.
220 2813 316 2892 Nam
333 2815 368 2888 &
385 2816 421 2888 in
438 2833 556 2911 greco
575 2813 688 2907 sono,
718 2813 932 2907 poenitentia
952 2835 1113 2911 nomen,

50 2936 135 2990 non
149 2915 328 2992 exdeli'dti
343 2913 585 3007 confessione,
613 2909 673 2988 sed
687 2934 732 2988 ex
747 2915 852 2988 animi
869 2915 1115 2992 demutatione

53 3013 291 3110 compositum
312 3014 382 3108 est,
415 3035 517 3106 quani
537 3011 629 3108 apud
649 3013 790 3107 Deum,
815 3035 884 3109 pro
908 3031 1028 3090 terum
1052 3037 1113 3088 va·

52 3115 221 3190 tiantium
236 3109 306 3186 sese
326 3112 505 3209 occursu,
529 3109 608 3188 fieri
629 3111 855 3190 ostendimus.

68 3251 75 3258 ·
157 3233 213 3300 25.
245 3212 323 3307 Jam
346 3233 465 3308 nunc,
496 3225 539 3286 ut
562 3214 683 3294 omnia
706 3209 876 3304 ejofinodi
907 3209 1113 3308 expediant,

55 3311 102 3386 ad
142 3323 287 3386 caeterai
331 3310 536 3408 pusillitates
579 3309 614 3386 dt
654 3309 878 3386 infirmitates
917 3311 952 3386 dt
988 3315 1115 3388 incon·

53 3413 232 3508 gruentias
275 3410 346 3508 (ut
379 3411 542 3509 putatis)
579 3412 863 3506 interpretandae
901 3409 1115 3564 putgandaa‘g
1139 3484 1168 3537 e,

53 3511 390 3706 dimittit
405 3509 612 3693 diffini
629 3507 1036 3703 &tarditati
1047 3526 1150 3702 3125

54 3707 172 3802 dore,
211 3731 255 3782 an
282 3711 340 3784 de·
359 3711 489 3784 arbore
512 3698 697 3806 gustasset,
727 3711 952 3804 interrogat,
978 3703 1124 3788 seilicet

54 3801 239 3888 incertior?
263 3807 343 3888 imo
361 3811 603 3912 oacincettua
618 3807 767 3910 adniti,
789 3827 860 3882 nee
874 3807 1120 3922 ignorantie.

930 3938 950 3973 ι.
1017 3925 1062 3978 ci.
