2598 4328
152 178 158 203 ἶ
192 235 266 312 apt
351 213 397 312 Q.
422 208 556 289 Snnr.
581 209 717 286 Fton.
741 184 1124 314 '‘s-etruscum-

193 372 493 465 deiiderantibus,
526 371 636 446 endsrt
660 381 964 469 ortygometram
996 395 1062 444 nm
1078 369 1257 469 serpentem

189 495 250 574 pro
266 473 365 572 pisce,
391 496 446 542 ner
462 471 616 566 scorpium
635 492 690 567 pm
707 497 764 542 ovo
824 471 919 546 Illius
935 486 1055 546 autem
1070 473 1159 566 erit,
1187 499 1258 548 non

193 577 268 648 darc
294 573 410 642 matum
431 591 490 667 pro
515 573 611 655 dono,
638 573 737 662 cujus
760 585 949 664 utromque
970 572 1023 648 fit.
1075 569 1259 650 Camertum

193 671 295 748 Deus
315 671 511 752 Marcionis
534 691 610 744 non
629 670 763 746 habent
788 671 985 765 scorpium,
1010 691 1087 746 non
1104 685 1260 764 poterat

114 841 125 857 ‚
191 773 232 848 id
249 769 285 846 se
300 770 417 846 dicere
439 791 515 846 non
539 771 729 868 dauuum,
751 771 849 864 quod
872 791 949 848 non
968 771 1130 846 habebat.
1180 771 1257 846 Sed

121 879 125 886 '
191 872 273 968 ille,
300 871 359 963 qui
375 871 508 946 habens
524 869 559 946 u
575 868 750 964 scorpium
768 891 844 946 non
858 871 928 945 dat.
982 875 1092 968 Imque
1110 870 1149 948 o
1201 877 1257 946 'rr'-

136 972 141 982 ’
192 991 263 1046 rum
279 966 422 1059 nntium
444 976 473 1040 is
491 971 596 1056 dabit,
630 970 920 1063 apudquemest
944 969 1078 1044 &non
1102 967 1160 1044 san
1243 1029 1253 1048 .

119 1137 127 1170 ,γ
195 1076 275 1144 Cum
288 1071 418 1158 surdum
437 1073 617 1142 iminium
637 1071 814 1163 expuliffeu
851 1067 973 1166 (ut‚&
993 1071 1031 1147 in
1049 1067 1113 1146 ista
1131 1069 1254 1163 specio

195 1170 389 1246 curationis
408 1167 515 1244 Esaiae
538 1168 744 1248 occurrisset
756 1167 791 1268 ,)
818 1175 855 1240 in
872 1171 1049 1244 Beelzebub
1064 1169 1170 1242 ditius
1190 1176 1250 1268 eji-

192 1275 440 1359 ceremonia,
457 1272 569 1367 firgo,
595 1277 721 1366 inquit,
748 1277 784 1340 r'rr
798 1269 976 1342 aceruum
990 1275 1076 1362 ejicio
1084 1273 1252 1358 turonia,

184 1373 258 1468 filit
274 1373 374 1467 vestri
390 1378 427 1443 in
441 1395 501 1468 guo
519 1367 680 1468 ejiciunt?
709 1369 788 1444 Hac
808 1390 905 1442 voce
926 1371 1010 1460 quid
1032 1372 1141 1465 magis
1163 1391 1252 1464 por-

192 1471 330 1563 tendit,
355 1493 458 1563 quam
474 1471 511 1544 in
529 1491 576 1543 eo
589 1470 718 1562 ejicere
734 1467 790 1561 se,
815 1469 853 1543 in
871 1488 944 1560 quo
960 1469 995 1542 tr
1010 1466 1073 1544 filii
1090 1467 1250 1544 eorum?

190 1567 235 1645 ln
249 1571 393 1644 :virtute
413 1569 544 1644 scilicet
567 1569 749 1644 creatoris.
799 1565 894 1642 Nam
914 1568 941 1643 fi
961 1579 1062 1662 putas
1083 1568 1131 1642 fic
1155 1570 1251 1643 acci·

189 1670 379 1766 piendum,
405 1669 441 1742 Si
465 1691 533 1766 ego
555 1671 590 1742 in
615 1665 849 1758 Beelzebule,
875 1663 938 1740 filii
960 1667 1065 1742 vestri
1082 1667 1121 1740 in
1145 1667 1251 1760 qno?

193 1769 301 1870 Quasi
330 1767 456 1842 iiloss
496 1769 609 1842 'latet
625 1770 664 1842 in
685 1765 896 1843 Beerzebure
921 1768 1131 1860 ejicientes,
1168 1768 1251 1843 ren-

190 1869 261 1944 stet
276 1869 341 1942 tibi
356 1869 455 1963 prior
485 1867 608 1960 ensus,
632 1893 699 1940 mn
714 1863 792 1982 post}
808 1871 965 1939 Soranum
978 1867 1081 1938 dividi
1095 1869 1257 1956 advo&

184 1967 387 2064 semetipsum.
437 1967 543 2049 Adeo
566 1987 635 2040 nec
664 1965 714 2040 illi
737 1983 775 2040 tn
797 1963 1007 2042 Beelzebulc
1033 1967 1250 2061 ejiciebant,

189 2064 272 2158 sed,
298 2081 339 2138 ut
353 2065 519 2156 diximus,
544 2066 583 2140 in
599 2066 736 2144 virtute
753 2067 942 2160 creatoris,
965 2087 1069 2158 quiam
1084 2077 1126 2140 ut
1144 2065 1250 2142 intel·

187 2165 249 2262 ligi
266 2163 420 2257 iaceret,
446 2163 643 2260 subiungit:
670 2163 782 2266 Quod
799 2163 823 2238 st
840 2165 960 2260 egerin
974 2165 1086 2262 digito
1100 2165 1175 2240 Dei
1187 2187 1251 2240 ex·

187 2266 288 2361 pello
307 2263 500 2357 daemonia,
534 2282 669 2360 ergone
700 2265 1002 2357 appropinquavit
1016 2265 1052 2338 in
1075 2285 1146 2338 vos
1169 2285 1250 2360 reg·

189 2383 276 2440 num
284 2363 380 2438 Dei?
406 2363 515 2457 Apud
526 2362 745 2445 Pharaonem
757 2363 852 2439 enim
867 2360 1019 2438 venefici
1035 2365 1087 2442 ilii
1099 2363 1255 2440 adhibiti

189 2461 356 2539 adversus
369 2457 547 2556 Moysen,
567 2464 739 2541 virtutem
754 2463 925 2540 creatoris
939 2463 1086 2559 digitum
1100 2462 1173 2536 Dei
1187 2486 1251 2558 ap-

187 2564 424 2660 pellaverunt.
474 2563 618 2660 Digitus
636 2563 708 2636 Dei
729 2559 780 2640 est
796 2561 893 2654 boc,
918 2563 1017 2655 quod
1036 2559 1253 2659 fignificrret

189 2663 296 2738 ctiam
318 2663 519 2757 modicum„
553 2662 796 2761 validissimum
810 2673 951 2738 tamen..
991 2661 1076 2738 Hoc
1094 2663 1129 2734 dc
1146 2660 1253 2738 Chri-

187 2758 260 2834 stus
288 2759 497 2855 ostendens,
530 2773 831 2842 commemorator
850 2781 926 2851 non
950 2761 1162 2841 obliterator
1184 2785 1250 2838 ue·

187 2857 356 2937 tustanum
378 2857 512 2936 scilicet
532 2859 687 2952 suarum,
719 2861 890 2936 virtutem
909 2857 982 2934 Dei
1005 2859 1151 2957 digitum
1173 2860 1250 2938 Dei

188 2956 279 3032 dixit
301 2981 378 3034 non
401 2959 860 3058 alteriustntesstgendcm,
887 2965 989 3052 utum
1015 2963 1116 3054 ejus,
1151 2962 1252 3055 apud

187 3077 293 3150 quem
308 3059 380 3135 hoc
402 3073 479 3137 erat
492 3059 676 3153 appeltam.
724 3055 822 3154 Ergo
842 3057 1039 3158 &regnum
1058 3059 1164 3156 ipsius
1185 3083 1249 3156 ap-

186 3158 515 3254 propinquaverat,
554 3159 651 3250 cujus
678 3157 713 3232 dc
737 3160 850 3232 virtus
876 3159 909 3232 di
933 3159 1005 3234 itus
1032 3161 1248 3247 vocabttut.

186 3253 326 3331 Merito
343 3257 450 3354 igitur
467 3257 636 3351 applicuit
651 3258 694 3335 ad
710 3258 884 3355 porcinum
897 3179 1000 3348 ἤμει]
1014 3263 1097 3332 idios
1110 3267 1248 3355 mi,

186 3379 276 3451 quem
299 3359 439 3426 umidior
460 3363 543 3428 attus
566 3355 727 3454 oppteffit,
746 3357 943 3452 principem
963 3359 1250 3454 daemoniomm,

188 3473 294 3546 quem
312 3453 558 3532 Beelzebulem
577 3455 611 3528 dt
628 3455 791 3535 Satmmr
807 3455 910 3558 supra
930 3460 1092 3550 dixerut,
1117 3457 1247 3554 signifi·

188 3573 271 3626 cans
294 3555 403 3650 digito
424 3555 497 3628 Dei
523 3554 747 3650 oppreiium,
768 3573 858 3629 ‘non
883 3569 1081 3650 escatorem
1105 3557 1148 3636 ab
1172 3561 1254 3634 alio

185 3649 272 3724 Deo
293 3651 478 3730 subustum.
529 3651 725 3747 Caeterum',
761 3681 819 3754 qrro
837 3658 1037 3733 mondino
1053 3656 1155 3754 flaret
1170 3680 1248 3752 teg-

117 3807 120 3812 .
185 3773 265 3818 nun
285 3758 347 3847 ejus
361 3753 398 3828 in
416 3751 483 3828 suis
495 3752 672 3848 terminis,
698 3755 880 3853 &legibus
900 3752 934 3828 u
952 3753 1097 3854 officiis,
1123 3776 1247 3852 quem,

186 3845 274 3938 liget
288 3851 609 3957 integrontando,
632 3855 695 3933 vei
712 3855 759 3938 stt
770 3853 943 3954 potuiiiet
957 3852 1072 3931 uideri
1090 3854 1244 4028 superas,

250 4006 327 4038 ἰω
343 3992 373 4034 ’δ

1148 3977 1193 4050 e,
