2612 4328
294 257 358 316 oe
383 235 558 318 Curru
583 237 913 320 Frmrranauaa.
1074 261 1149 342 243

68 401 184 478 animo
202 401 439 498 inhabitam,
474 403 509 478 dt
533 401 671 478 erudiet
693 425 713 477 a
734 400 953 480 conscientia
975 403 1013 479 in
1030 402 1147 500 super-

70 495 207 596 ficiem,
232 517 275 575 ut
292 503 326 577 a
345 505 432 577 soris
448 502 630 600 inspiciat,
658 505 751 598 quasi
763 503 1014 600 supelleetilem
1030 503 1147 602 suam,

1 601 2 614 ’
72 615 110 676 nt
124 603 324 677 conveniat
338 601 422 676 fidei
446 605 673 680 continendae
689 605 725 678 in
743 617 968 698 perpetuum.
1020 603 1147 679 Discu-

69 703 196 776 tiendae
213 705 306 778 enim
325 701 406 776 sunt
422 701 573 795 delitiae,
601 725 748 796 quarum
766 705 919 778 mollitia
940 702 1094 779 &fluxu
1105 702 1146 781 fi·

35 822 39 830 ·
66 803 120 878 dei
135 803 256 876 virtus
272 801 468 876 effeminari
489 801 620 896 potest.
674 803 852 878 Ceterum
868 803 988 878 nescio
1012 827 1057 878 an
1073 827 1146 880 ma·

66 919 129 975 nus
150 899 300 996 spatalio
326 897 536 1002 circumdari
558 901 682 997 solita,
717 906 755 977 in
775 903 905 978 duritia
924 917 1059 978 catcnae
1076 901 1146 980 stu·

1 1071 2 1079 i
63 1001 210 1098 pescere
232 999 408 1078 sustineat.
471 1001 604 1076 Nescio
632 1025 675 1075 an
707 1021 788 1076 crus
818 1005 862 1078 de
893 1005 1079 1106 periscelio
1105 1005 1145 1082 ‘m

62 1123 221 1177 nervum
234 1099 269 1175 se
289 1105 445 1198 patiatur
466 1105 582 1177 artari.
621 1103 761 1178 ,Timeo
785 1106 968 1178 cervicem
983 1125 1030 1178 ne
1052 1125 1147 1178 mar·

62 1203 258 1300 garitarum
284 1203 320 1274 ds
342 1200 757 1300 smaragdorumlaqueis
783 1219 987 1298 occupata,
1021 1205 1147 1290 locum

59 1301 172 1396 spatae
196 1321 272 1374 non
297 1301 368 1376 det.
422 1305 566 1404 Quare,
592 1303 812 1400 beneditiae,
845 1305 1059 1379 meditemur
1083 1303 1146 1377 du·

2 1442 7 1461 ι
59 1403 178 1492 riora,
206 1401 327 1474 &non
343 1403 553 1477 sentiemus:
576 1406 816 1496 relinquamus
833 1405 986 1502 laetiora,
1014 1405 1144 1480 &non

2 1582 8 1597 ‚
60 1501 348 1578 desiderabimus.
390 1501 531 1577 Stemus
551 1505 727 1600 expedita·
745 1505 788 1576 ad
809 1525 953 1578 omnem
968 1507 1064 1599 vim,
1090 1505 1144 1577 ni·
1211 1551 1217 1584 ·.

59 1601 114 1674 hil
136 1601 309 1674 habentes
334 1603 433 1694 quod
457 1605 661 1694 relinquere
683 1605 880 1680 timeamus.
931 1601 1145 1678 Retinacula

58 1691 128 1776 ista
139 1697 218 1772 sunt
234 1699 305 1793 spei
322 1700 474 1793 nostrae,
499 1703 730 1796 projiciamus
748 1716 960 1776 ornamenta
975 1717 1144 1798 terrena,

59 1799 86 1876 sr
114 1799 270 1872 coelestia
293 1815 471 1894 optamus.
526 1801 592 1900 Ne
609 1799 804 1875 dilexeritis
828 1821 973 1898 aarum,
1007 1803 1044 1876 in
1068 1822 1176 1895 quo1
1225 1827 1227 1832 ¹

61 1903 182 1996 prima
201 1897 329 1980 desidia
348 1899 472 1994 populi
497 1896 633 1973 israelis
657 1901 887 1977 denotantur.
941 1899 1062 1976 Odisse
1084 1903 1145 1976 de·
1235 1947 1238 1952 ·

59 2001 181 2092 betis,
217 1999 315 2092 quod
336 1997 480 2095 Judaeos
507 2001 689 2095 perdidit,
727 2003 825 2096 quod
853 2003 1144 2096 derelinquentes

63 2101 173 2174 deum
200 2099 465 2172 adorauerunt:
500 2101 571 2192 jam
596 2117 684 2174 tunc
710 2121 833 2176 aurum
859 2103 948 2198 ignis
977 2103 1027 2177 est
1052 2101 1144 2179 esca.

64 2197 247 2274 Ceterum
270 2215 436 2294 tempora
456 2197 736 2276 Christianorum
759 2201 944 2295 semper&
965 2223 1062 2276 nunc
1080 2203 1146 2276 uel

63 2302 242 2391 maxime,
273 2319 350 2372 non
375 2318 487 2392 auro,
513 2299 582 2378 ¹sed
605 2301 704 2374 ferro
730 2303 993 2398 transiguntur„
1032 2303 1145 2374 Stolae
1203 2316 1209 2322 ·

63 2399 322 2492 martyriorum
336 2412 597 2494 praeparantur,
625 2401 757 2496 angelis
772 2401 897 2494 bajulis
917 2400 1144 2476 stdtinentur.
1257 2447 1261 2454 -

62 2497 216 2574 Prodite
229 2518 301 2572 vos
314 2499 385 2592 jam
400 2499 667 2573 medicamentis
685 2501 719 2572 δι
736 2501 956 2574 ornamentis
975 2498 1147 2574 extrudiae

63 2597 354 2694 Apostolorum,
387 2595 564 2673 sumentes
597 2599 642 2672 de
679 2599 901 2693 simpl'citatc
927 2599 1145 2696 candorem,

66 2701 111 2774 de
127 2697 303 2793 pudicitia
318 2701 512 2793 ruborem,
539 2698 828 2792 depidaeoculos
841 2699 1081 2793 uerecundia,
1109 2699 1146 2773 dt

65 2795 88 2874 s
105 2800 209 2873 trinis
231 2799 501 2892 taciturnitate,
535 2798 729 2873 inserentes
752 2800 788 2872 ln
811 2821 922 2884 aures
943 2797 1146 2896 sermonem

68 2821 166 2993 gei,
193 2897 422 2972 annedientes
451 2898 654 2975 cervicibus
684 2901 806 2997 jugum
834 2894 973 2976 Christi.
1024 2897 1146 2993 Caput
1216 2931 1226 2950 ·

67 3000 204 3076 maritis
225 2995 407 3094 subjicite,
433 2997 566 3072 &satis
592 3013 729 3074 ornatae
746 2999 854 3076 eritis.
906 2999 1146 3072 Manuslanis
1180 3057 1182 3063 .

41 3133 43 3139 v
70 3105 273 3194 occupate,
306 3099 417 3193 pedes
441 3099 539 3173 domi
556 3097 677 3196 figite,
711 3095 843 3192 &plus
863 3119 967 3192 quam
992 3099 1028 3172 in
1055 3089 1147 3171 auro

67 3201 278 3294 placebunt.
346 3195 487 3273 Vestite
515 3219 585 3272 vos
612 3198 724 3274 serico
747 3200 965 3292 probitatis,
1003 3197 1146 3290 byllino

70 3297 291 3391 sanstitatis,
328 3319 486 3394 purpura
512 3297 703 3393 pudicitiae.
755 3293 897 3374 Taliter
916 3299 1146 3396 pigmentatae

2 3428 8 3441 ·
71 3393 194 3478 Deum
213 3398 391 3474 habebitis
415 3411 622 3475 amatorem.

576 3997 663 4110 qa

924 3995 973 4102 Q.
986 3993 1095 4074 sm.
