2582 4322
199 208 294 336 m⁴
336 231 396 338 Ὀ.
421 229 557 323 sair.
580 237 724 318 stom
749 234 1142 330 Temenum·

75 385 81 402 '
197 401 317 484 medio
337 399 397 479 est„
424 399 506 474 Nec
522 398 556 474 se
581 403 678 474 ultus
692 401 784 476 enim
802 394 887 474 ess'et
902 397 1165 494 demortuus,
1189 413 1259 476 net

193 499 374 596 sepultura
393 501 468 592 ejus
492 423 625 574 subferre
640 499 684 573 de
700 499 844 597 medio,
871 499 933 574 nisi
950 519 1016 594 per
1034 497 1259 574 resurreetio·

194 613 291 674 nem.
342 597 509 692 Deniqere
534 595 700 692 subjecitz
733 611 927 694 propterea
942 595 1014 692 ipse
1034 601 1169 674 multos
1190 599 1260 674 hae*

191 699 519 790 sententiabant,
545 698 581 772 de
597 699 793 774 multorum
811 697 948 772 dividet
962 695 1094 792 spolia,
1120 717 1189 792 pro
1209 717 1261 772 eo

193 798 294 890 quod
310 797 439 870 tradita
467 796 517 870 est
536 797 651 872 anima
668 797 742 892 ejus
764 797 802 871 in
826 811 990 870 mortem.
1042 791 1188 872 Ostensa
1207 790 1258 870 est

191 896 288 972 enim
311 895 413 971 causa
436 898 555 994 gratia
575 897 706 990 hujus,
741 917 810 990 pro
828 895 955 970 in'uria
975 893 1108 970 scilieet
1127 895 1258 970 mortis

190 995 427 1089 repensandae.
478 993 613 1070 Pariter
638 991 815 1070 ostensem
839 919 910 1090 eit,
935 995 1012 1068 haec
1030 995 1128 1070 illum
1149 1015 1258 1088 prop·

192 1105 250 1168 ser
268 1109 421 1170 mortem
441 1095 738 1188 consecuturum,
768 1091 853 1188 posi
873 1105 1027 1170 mortem
1048 1093 1173 1188 utique
1193 1111 1258 1189 pet

190 1191 484 1269 resurrenronem
500 1192 765 1268 consecuturus.

268 1313 323 1368 eo.
350 1291 504 1386 Sufficit,
548 1291 727 1386 hucusque
758 1291 802 1366 de
829 1292 883 1365 his
914 1287 1057 1366 interim
1093 1291 1257 1366 ordinem

190 1388 319 1466 Christi
338 1389 596 1485 decucurrisse,
631 1411 705 1485 quo
728 1393 808 1466 talis
832 1391 1005 1485 probatur
1026 1391 1177 1484 qualiter
1198 1408 1258 1464 an·

189 1489 452 1585 nunciabatur,
478 1513 555 1564 non
576 1491 661 1564 alius
684 1491 808 1566 haberi
829 1491 981 1582 debeat,
1008 1511 1112 1582 quam
1131 1491 1191 1584 qui
1208 1501 1256 1562 ta·

189 1591 234 1670 lis
250 1592 551 1680 annuntiabatur3
577 1604 619 1664 ut
636 1593 709 1686 jam
735 1611 780 1664 ex
800 1589 865 1664 ista
882 1587 1115 1662 consonantia
1138 1609 1256 1663 rerum

189 1689 294 1782 eiras,
321 1688 623 1786 &scripturarum
639 1690 838 1783 creatoris,
863 1689 930 1762 illis
950 1687 1056 1763 etiam
1069 1681 1257 1761 restituen-

191 1785 238 1860 da
259 1789 302 1862 sit
318 1786 405 1864 fides
430 1811 475 1862 ex
497 1787 704 1884 prejudicio
728 1789 873 1883 majoris
890 1790 1021 1881 partis,
1047 1807 1125 1880 quae
1145 1787 1189 1860 ad
1208 1787 1255 1859 di·

189 1883 311 1959 versae
321 1885 508 1960 sententias
518 1889 578 1960 vel
589 1889 627 1962 in
639 1889 785 1962 dubium
800 1883 1113 1979 deducunnr,ve1
1128 1905 1254 1982 negan-

189 1995 260 2060 tur.
311 1983 475 2080 Amplius
492 2007 587 2060 nunc
602 1986 865 2084 superstruimus
881 2000 922 2058 ea
937 2005 1082 2076 quoque
1097 1987 1197 2082 paria
1210 2003 1254 2060 ex

190 2079 370 2175 bipartit
401 2085 601 2179 creatoris,
642 2104 790 2180 quaeque
822 2083 905 2180 post
933 2079 1111 2158 Christum
1137 2082 1279 2159 mnne·

102 2256 106 2266 ,
189 2183 486 2278 precinebantur.
537 2183 620 2260 Nee
644 2183 738 2258 enim
758 2179 938 2280 dispositio
960 2181 1139 2276 expuncta
1159 2185 1255 2258 inve·

189 2281 349 2376 nitetur,
374 2283 492 2358 stnon
505 2284 567 2358 ille
586 2279 758 2376 veniret,
783 2281 864 2377 post
879 2301 984 2374 quem
1001 2281 1159 2359 habebat
1172 2301 1254 2356 eve-

190 2379 280 2458 nire.
330 2379 461 2476 Aspice
479 2381 659 2458 universas
678 2381 844 2456 nationes
865 2380 1106 2480 devoragine
1127 2379 1257 2456 erroris

190 2479 336 2556 numani
358 2481 487 2556 exinde
507 2495 732 2579 ,emergentes
750 2481 794 2558 ad
813 2480 934 2554 Deum
956 2495 1186 2575 creatorem,
1213 2474 1257 2552 ad

190 2577 313 2654 Deum
338 2577 537 2675 Christum,
563 2581 621 2674 &5
656 2580 835 2675 fraudes,
874 2601 965 2676 nega
989 2579 1253 2676 prophetatum

190 2673 264 2749 Sed
282 2673 398 2754 statim
421 2681 487 2754 tibi
510 2680 547 2754 in
570 2677 707 2776 psalmis
733 2677 912 2773 promisio
942 2679 1052 2775 patris
1084 2680 1254 2755 occurrit

191 2771 300 2850 Filius
315 2797 414 2852 meus
426 2801 463 2854 es
480 2793 542 2878 tu,
569 2799 639 2882 ego
651 2777 762 2854 hodie
774 2781 943 2876 generavi
956 2792 1005 2854 te.
1054 2775 1199 2854 Postula
1213 2780 1257 2852 de

191 2895 250 2950 me
267 2873 301 2947 de
317 2875 410 2951 dabo
426 2877 491 2952 tibi
501 2893 627 2974 gentes
640 2877 881 2954 hereditatem
895 2893 1012 2969 tuam,
1031 2873 1257 2970 &bossesso-

190 2979 274 3046 riem
286 2985 383 3049 tuem
399 2977 572 3050 terminos
590 2991 703 3052 terra.
754 2975 837 3052 Nec
851 2977 990 3072 poteris
1006 2975 1117 3071 magis
1137 2971 1255 3050 David

192 3067 304 3146 silium
327 3075 402 3166 ejus
425 3075 617 3150 vendicare
641 3097 745 3169 quam
767 3073 965 3152 Christum:
999 3089 1062 3148 aut
1083 3077 1256 3150 terminon

192 3181 298 3243 terra
315 3172 437 3247 David
457 3177 583 3268 potius
602 3171 815 3270 promissos,
842 3177 902 3270 qui
925 3175 1018 3250 intra
1040 3175 1220 3270 unicam]
1243 3209 1257 3231 ·

192 3267 350 3344 deorum
369 3287 512 3368 gentem
528 3277 716 3372 regnavit,
739 3295 843 3368 quarn
867 3271 1032 3368 Christo,
1059 3273 1118 3364 qui
1137 3285 1273 3346 toturn*

189 3367 397 3462 jamorbem
411 3369 597 3473 Evangelii
612 3371 663 3448 sui
676 3369 750 3446 fide
761 3373 870 3466 cepit.
920 3367 1271 3468 sicnpersssname

189 3463 290 3544 Ecce
310 3467 392 3544 dedi
413 3485 451 3546 te
478 3476 515 3547 in
535 3471 797 3568 dispositionem
817 3473 979 3568 generis,
1004 3471 1042 3543 in
1063 3469 1183 3542 lucem
1198 3481 1271 3564 nas

191 3564 354 3662 tionum,
381 3572 517 3666 aperire
538 3571 666 3644 oculos
692 3589 889 3664 caconem,
913 3572 1038 3662 utique
1050 3569 1270 3662 ementitam?

191 3661 381 3742 exsolvere
391 3669 434 3742 de
446 3669 597 3742 vinculis
608 3667 764 3763 vinstos,
774 3667 811 3742 id
827 3667 877 3743 est
889 3667 932 3742 de
944 3665 1078 3740 desidis
1093 3653 1269 3760 liberato*

192 3759 227 3834 st
241 3760 286 3835 de
301 3767 391 3840 ceila
404 3768 569 3862 carceris,
581 3767 618 3842 id
633 3767 684 3842 est
695 3770 844 3862 mortis,
853 3765 1017 3840 sedentes
1031 3767 1068 3840 in
1086 3763 1257 3858 tenebris}

189 3858 399 3957 ¹8⁶0er
418 3863 562 3942 sedicet.
623 3869 715 3972 Qne
730 3867 759 3946 n
773 3885 840 3964 pe
857 3861 1038 3988 Christum
1060 3863 1233 4040 evegzagrt

1120 4185 1124 4194 ·
1249 4079 1264 4299 i
