2598 4328
1240 1 1254 152 l

1253 219 1255 226 ι

1253 227 1255 238 t

137 122 213 229 456
286 123 335 232 Q.
359 61 497 204 sarr⁸
521 123 660 206 Fron.
684 123 1052 204 'l'rnrotuarrrr

136 317 197 391 qu
221 289 295 362 udi.
361 279 468 361 Plane
491 283 567 362 haee
589 283 745 360 Christus
768 287 962 382 adiecerit,
997 301 1040 364 ut
1061 285 1203 381 iimple-

137 403 261 474 menta
276 383 514 460 consentanea
527 383 712 478 disciplina
728 389 909 464 creatoris.
961 387 1083 480 Atque
1104 388 1202 460 adeo

134 493 213 572 hoe
230 486 344 562 strum
359 487 635 558 renunciandum
648 483 721 587 est,
747 507 789 560 tn
817 485 995 571 disciplina
1018 487 1209 579 patientiae

134 585 349 690 predicatur
360 597 470 677 penes
487 601 694 660 creatorem.
746 585 805 660 Sic
821 606 882 665 per
898 587 1099 660 Zachariam
1114 603 1205 678 prm·

137 689 265 779 cepit,
297 705 343 756 ne
373 681 604 776 unusquisque
636 686 775 760 malitiae
809 684 924 758 fratris
951 685 999 758 sui
1032 687 1203 762 memine-

132 787 208 878 alt,
233 779 374 858 sednee
390 783 553 875 proximi.
605 781 697 858 Nam
715 783 749 856 dr
765 785 898 858 rursus:
926 785 1124 875 Malitiam,
1152 783 1209 856 in·

136 886 243 982 quit,
270 883 421 976 proximi
444 879 493 955 sui
518 881 660 976 quilque
679 905 725 958 ne
744 885 932 978 recogitet.
985 883 1107 958 Muto
1131 904 1206 958 rua·
1264 889 1267 960 ἶ

164 983 174 1000 ’
208 981 411 1077 patientiam
426 981 555 1054 indixit
569 982 724 1074 injuriae,
752 984 809 1074 qui
824 983 949 1056 indixit
965 982 1204 1057 oblivionem.
1266 979 1269 1070 ’ξ

135 1005 211 1160 gd
228 1081 262 1154 dt
277 1101 357 1154 com
375 1081 481 1154 dicit:
507 1079 596 1154 Mihi
613 1081 823 1166 vindictam.
851 1083 884 1153 dt
901 1103 969 1178 ego
989 1081 1205 1156 vindicabor
1268 1083 1270 1098 '

189 1180 297 1254 oinde
328 1179 532 1272 patientiam
568 1181 678 1254 docet
712 1179 873 1254 vindidiae
905 1179 1205 1274 exspectatricem
1267 1185 1273 1256 l

186 1292 352 1372 quantum
373 1297 460 1373 ergo
483 1275 680 1354 fidemnon
699 1281 818 1372 capit,
844 1295 884 1352 ut
903 1280 997 1356 idem
1015 1279 1206 1372 videaurr,
1271 1279 1273 1284 '

139 1379 338 1455 &dentem
357 1397 426 1471 pro
449 1377 577 1470 dente,
606 1381 749 1454 oculum
772 1399 841 1470 pro
864 1379 999 1473 oculo,
1027 1379 1062 1450 in
1085 1378 1207 1452 vicem
1270 1401 1276 1436 ’-

137 1477 275 1571 injurie
302 1477 468 1572 exigere,
506 1481 564 1570 qui
593 1499 667 1552 uon
692 1479 803 1551 modo
829 1479 972 1568 vicem,
1012 1475 1071 1550 sed
1098 1475 1206 1552 etiam

135 1577 340 1666 ultionem,
367 1575 472 1650 etiam
486 1578 772 1652 recordationem
791 1575 825 1647 u
841 1577 1139 1674 recogitationem
1154 1577 1205 1649 in·

135 1675 241 1774 juria
259 1676 453 1767 prohibet:
488 1679 661 1752 intantum
683 1678 837 1772 aperitur
855 1675 983 1766 nohis,
1016 1675 1207 1768 quomodo

139 1777 288 1849 oculum
312 1795 380 1868 pro
407 1777 575 1849 oculo&
604 1776 747 1858 dentem
772 1795 839 1869 pro
867 1775 973 1848 dente
1002 1771 1206 1868 censuerit,

139 1893 217 1952 non
245 1873 288 1946 ad
319 1872 503 1955 secundam
534 1876 692 1967 injuriam
726 1877 866 1948 talionis
898 1873 1204 1968 permittendam,

140 1993 248 2065 quam
272 1973 504 2063 prohibuerat
527 1971 711 2046 interdieta
729 1973 887 2054 ultione,
914 1970 971 2046 sed
995 1971 1038 2046 ad
1057 1973 1205 2065 primam

141 2069 398 2161 coercendam,
427 2091 530 2164 quam
548 2073 803 2166 prohibuerat,
831 2073 988 2164 talione,
1016 2071 1201 2166 opposrto,

139 2184 185 2244 ut
210 2165 439 2261 unusquilbue
469 2169 655 2264 respiciens
678 2171 855 2246 licentiam
880 2169 1038 2246 secundae
1071 2171 1208 2262 injuriae

142 2271 297 2362 aprima
320 2266 538 2364 semetipsum
560 2272 775 2345 contineret.
832 2269 982 2344 Facilius
1008 2270 1099 2346 enim
1130 2269 1206 2344 vim

141 2369 328 2462 comprimi
360 2367 439 2442 scit'
455 2367 767 2464 repraesentatione
805 2369 973 2461 talionis,
1010 2391 1111 2460 quam
1150 2387 1208 2441 re·

141 2467 370 2568 promidfione
402 2469 559 2544 ultionis.
624 2467 826 2562 Utrumque
855 2481 971 2542 autem
990 2467 1208 2542 constituen-

141 2566 227 2640 dum
250 2565 320 2640 fuit
343 2587 411 2662 pro
433 2583 559 2644 natura
585 2569 620 2643 b
647 2564 717 2641 lide
742 2569 953 2660 hominurn,
977 2581 1019 2640 ut
1043 2567 1102 2657 qui
1118 2567 1207 2640 Deo

142 2665 329 2758 crederet,
364 2669 539 2742 ultionem
561 2688 581 2744 a
603 2667 688 2742 Deo
715 2665 952 2764 exspectaret:
989 2667 1063 2763 Qui
1089 2665 1208 2748 minus

140 2757 296 2854 fideret,
333 2767 427 2860 leges
447 2767 589 2842 tutonis
610 2767 763 2842 timeret.
813 2764 917 2840 Hanc
934 2765 1019 2860 legia
1039 2765 1208 2843 volunta.-

140 2873 218 2940 κω
241 2859 287 2936 da
311 2859 493 2941 interrettu
513 2867 756 2958 laborantem,
783 2863 999 2941 dominus&
1021 2862 1153 2936 sabbati
1171 2861 1207 2936 dt

112 2959 256 3058 legia,
288 2959 502 3038 &omniurn
552 2977 751 3038 aeternarum
774 2961 1066 3058 dispositionum,
1102 2959 1206 3035 Chri·

28 3111 38 3172 ἦ»
140 3053 237 3174 suu,
261 3059 295 3133 dt
315 3063 494 3136 revelavit
513 2987 550 3136 ἐξ
569 3077 776 3155 compotem
793 3061 897 3156 fecit,
928 3062 1097 3136 mandans
1120 3063 1207 3134 alte·

136 3163 216 3236 ’πω
238 3177 382 3254 quoque
399 3163 549 3246 maxillae
565 3163 807 3254 oblationem,
837 3173 878 3236 ut
894 3175 999 3236 tanto
1022 3161 1130 3256 magia
1152 3161 1208 3234 vi·

31 3325 34 3348 ,
141 3277 222 3336 eem
242 3257 378 3352 iniuria
402 3261 649 3356 extingueret,
675 3281 778 3354 quam
803 3259 836 3336 dt
863 3263 921 3336 lex
948 3281 1014 3358 per
1034 3261 1206 3336 talionem

140 3357 314 3434 voluerat
334 3357 536 3454 impediffe,
567 3375 667 3434 certe
688 3379 791 3452 quarn
814 3361 1006 3456 prophetia
1021 3355 1206 3434 marrifeste

142 3467 355 3530 eoereuertt
380 3457 640 3540 &memoriam
662 3458 797 3549 injuria
812 3459 1021 3552 prohibens,
1047 3457 1207 3534 bruno.
1279 3533 1283 3542 .

35 3551 39 3644 ²,
139 3567 230 3630 aeut
245 3555 288 3629 ad
305 3555 424 3636 Deum
440 3557 613 3652 redigens.
663 3555 718 3632 lta
736 3557 759 3631 ti
785 3557 868 3652 quid
887 3557 1042 3636 cbristus
1060 3556 1206 3651 intulit,

37 3677 38 3685 ¹
138 3663 219 3726 noo
236 3651 462 3751 adversario,
487 3653 546 3730 sed
565 3655 731 3750 adjutore
749 3669 957 3754 precepto,
981 3677 1057 3741 non
1073 3653 1208 3732 deihu-

38 3737 42 3818 ²=
140 3745 198 3832 rit
228 3747 425 3857 werbe
459 3755 644 3842 aarum.
711 3753 879 3863 neuqua
903 3755 929 3842 r
953 3757 992 3838 ra
1020 3754 1206 3940 spragen-
