2572 4332
58 205 475 286 Aeosocnrrcus
499 196 766 286 iovnns'us
783 213 1094 308 cssrsssrr?

14 367 154 446 uistis:
180 370 240 465 qui
259 369 374 444 sumus
396 371 504 467 plane
521 391 599 446 non
620 371 759 468 generis
783 369 928 446 humaui
948 385 1094 468 tamen,

14 468 219 564 'edpotius
235 471 378 546 erroris.
664 535 666 540 ,

85 575 153 661 38.
178 569 339 644 Proinde·
350 591 419 644 nec
433 567 671 664 paulo'le'nius
681 571 777 644 inter
785 567 899 642 licitas
915 567 1094 644 sessiones
1209 575 1211 578 ’

14 665 146 742 ettam
157 668 255 742 istam
269 667 432 764 deputari
443 669 660 762 oportebat,
687 690 791 762 aqua
804 669 894 744 nihil
907 671 979 744 tale
993 691 1093 743 com-

14 769 194 862 uittitur,
222 770 325 862 quale
341 768 386 844 de
400 767 532 842 illicitis
547 767 760 842 fautoribus
777 770 894 841 timeri
910 765 1013 846 solet.
1038 770 1094 844 ni·
1146 782 1159 808 ’·

14 867 27 944 i
53 867 178 942 fallor
203 867 323 962 enim,
359 867 663 962 prohibendarum
686 867 882 946 factionum
907 866 1020 942 cassisa
1044 867 1093 943 de

14 966 254 1040 srovidentia
280 967 421 1042 constat
443 964 623 1042 modestice
648 967 800 1062 publicae
824 988 872 1040 ne
898 966 1026 1042 civitas
1052 969 1093 1044 in

14 1081 143 1142 >artes
161 1063 401 1160 scinderetur,
428 1088 505 1160 quae
520 1088 577 1140 res
597 1065 702 1142 facile
717 1065 886 1160 comitia,
916 1067 1093 1161 concilia,
1179 1127 1184 1136 .
1269 1069 1271 1124 l

14 1168 165 1256 atrias,
193 1167 418 1258 conciones,
453 1164 649 1260 spectanda
671 1165 779 1241 etiem
802 1167 935 1242 aemulis
959 1165 1095 1268 studio-
1207 1185 1210 1191 ·

14 1265 451 1358 tuncomptdsationibus
463 1267 699 1360 inquietaret,
728 1266 891 1358 cuniam
906 1264 986 1343 &in
1000 1286 1094 1358 que·

14 1366 61 1442 tu
81 1367 224 1440 habere
235 1363 418 1460 coepissent
428 1368 595 1442 venalem
612 1365 912 1445 &mercenariam
923 1364 1093 1452 hominos

14 1464 214 1540 riolentiae
231 1463 299 1538 suae
319 1485 476 1560 operam.
536 1467 589 1538 At
607 1466 701 1540 enim
714 1466 820 1540 nobis
837 1466 883 1538 ab
898 1463 999 1540 omni
1012 1465 1094 1562 glo·

14 1567 70 1640 iae
93 1563 135 1638 ἃ
155 1563 335 1659 dignitatis
358 1563 487 1638 ardore
501 1564 714 1661 frigentibus
733 1565 833 1640 nulla
845 1559 897 1636 est
908 1563 1092 1638 necesitas

14 1679 161 1754 uetus,
194 1685 262 1736 nec
292 1665 366 1738 ulla
395 1666 504 1761 magis
540 1685 598 1740 res
631 1663 765 1756 aliena,
799 1681 903 1754 quam
934 1663 1092 1760 publica.
1213 1721 1218 1728 .

14 1766 144 1842 'Jnam
167 1763 326 1840 omnium
357 1765 612 1858 rempublicam
637 1759 880 1860 agnoscimus,
905 1761 1093 1838 mundum.

14 1863 153 1955 beque
171 1859 373 1954 spectaculis
399 1864 527 1940 vestris
541 1867 580 1938 in
595 1875 734 1938 tantum
757 1861 1027 1955 renunciamus,
1051 1861 1093 1939 in
1137 1929 1141 1940 .
1179 1867 1180 1870 ’

14 1977 195 2059 puantum
215 1961 412 2058 originibus
435 1985 585 2040 eorum:
610 1985 696 2058 quas
722 1959 847 2038 scimus
869 1961 914 2034 de
931 1957 1103 2056 supersti·-
1144 1981 1146 1990 ’
1239 1983 1244 1997 ·

14 2065 125 2138 ione
147 2075 365 2158 conceptas,
392 2085 474 2152 cum
489 2063 614 2159 &ipsis
627 2065 760 2155 rebus,
788 2061 974 2154 dequibus
995 2074 1101 2136 tran·

14 2165 200 2262 iguntur,
227 2161 497 2256 pretersumus„
540 2163 643 2238 Nihil
661 2162 712 2238 est
729 2161 835 2236 nobis
851 2159 966 2253 dem,
992 2157 1092 2258 visu,
1135 2155 1139 2172 '

14 2262 168 2354 urdim,
194 2279 276 2336 cum
296 2263 428 2338 insania
446 2263 553 2358 circi,
589 2283 670 2338 cum
691 2261 912 2358 impudicitia
933 2259 1109 2355 theatri,
1135 2267 1139 2274 ’
1186 2281 1189 2286 ’

14 2383 103 2439 :um
129 2363 323 2438 atrocitate
349 2383 484 2455 arenae,
519 2385 601 2438 erun
627 2364 789 2434 vanitate
812 2358 917 2454 xysti.
971 2357 1095 2434 Licuit

14 2459 208 2561 {picenus
236 2462 385 2556 aliquam
417 2463 610 2538 decernere
643 2461 843 2554 voluptatis
875 2457 1094 2546 veritatem
1142 2503 1146 2514 ·

14 2583 94 2658 guo
117 2581 190 2633 vos
206 2559 440 2646 offendimus,
465 2563 586 2638 sialias
600 2559 841 2659 presumimus
854 2555 1095 2653 voluptates?

14 2657 228 2742 ioblettari
241 2661 382 2738 novisse
397 2663 588 2760 nolumus,
610 2657 735 2736 nostra
744 2657 875 2753 injuria
889 2657 958 2752 est,
980 2655 1094 2732 fisos·

14 2785 73 2855 e,
103 2777 184 2834 non
196 2759 323 2837 vestra.
371 2761 442 2836 Sed
460 2761 694 2857 reprobamus
710 2780 786 2854 qua
802 2759 948 2853 placent
966 2757 1093 2855 vobis,

14 2883 89 2942 sec
103 2879 177 2935 vos
192 2857 314 2936 nostra
329 2859 516 2941 delectant

95 2981 157 3056 39.
182 2955 295 3038 Edam
315 2961 506 3056 jamnunc
530 2983 600 3060 ego
622 2958 696 3056 ipse
714 2955 865 3058 negotia
887 2919 1096 3030 Christiane
1139 3028 1143 3045 ,
1265 3015 1271 3035 ,

14 3059 213 3150 saionis,
239 3073 282 3134 ut
301 3061 361 3154 qui
385 3063 477 3138 mala
498 3061 871 3153 refutaverim,bona
896 3053 1093 3130 ostendam.

14 3163 167 3255 :orpus
192 3155 307 3236 sumus
333 3157 617 3238 deconscientia
639 3155 879 3255 religionis&
902 3151 1096 3248 discipline

14 3258 212 3338 livinitate
230 3259 265 3336 a
286 3256 360 3359 spei
384 3261 529 3337 foedere.
581 3257 730 3332 Coimus
747 3258 784 3330 in
801 3266 933 3331 coetum
955 3251 1095 3328 &con-

14 3357 292 3462 gregationem,
318 3375 360 3436 ut
384 3362 429 3436 ad
453 3361 560 3435 &tun
585 3357 678 3453 quasi
700 3377 809 3432 manu
831 3353 944 3448 fasta,
969 3369 1094 3446 preca·

14 3457 184 3538 ionibus
199 3461 404 3537 ambiamus.
453 3461 543 3536 Haec
555 3459 613 3534 vis
632 3458 703 3551 deo
710 3461 810 3556 grata
824 3453 886 3532 est.
938 3449 1095 3524 oramus

14 3561 131 3638 etiam
151 3577 219 3651 pro
236 3560 534 3654 imperatoribus,
559 3579 629 3656 pro
646 3555 847 3632 ministeriis
869 3569 1016 3644 eorum,
1049 3567 1094 3624 ac

14 3649 260 3757 potestatibus
285 3657 424 3756 seculi,
467 3681 551 3756 pro
570 3677 692 3734 rerum
716 3657 866 3750 quiete,
901 3669 971 3745 pro
988 3668 1095 3726 more

14 3757 111 3836 bnis.
165 3755 339 3856 Cogimur
364 3761 409 3836 ad
426 3759 638 3836 litterarum
651 3755 854 3830 divinarum
872 3767 1093 3866 commemo·

14 3859 225 3954 rationem,
244 3858 272 3936 fi
289 3859 375 3954 quid
391 3857 617 4036 presentiam
634 3867 841 3955 temporum
857 3849 1007 3950 qualitas
1028 3860 1098 3936 ωε

616 3975 645 4056 3·
952 3968 1041 4048 Pffl·
