2618 4340
84 177 89 186 ·
232 198 240 212 ·
313 155 922 242 nicuicuuiuiuiiuii:
964 138 1003 212 ’ἵ
1043 249 1047 256 ,
1083 182 1154 258 ⁸35

77 300 161 416 quii
179 308 335 418 gentilee'
346 325 488 413 putant,
506 319 675 412 capimur.
708 315 864 394 infidelis
883 315 1022 414 conata,
1049 323 1156 398 etiam

73 421 274 515 suspectam
292 421 424 511 habet,
452 421 512 491 vel
529 436 680 512 propter
696 420 789 493 illam
806 419 1062 494 sceleratarum
1084 442 1153 496 noe
1278 413 1285 430 ⁸

69 522 293 616 opinionem
311 521 503 620 gentilium.
556 516 622 594 Cui
639 541 725 616 ergo
740 517 1038 614 pulchritudinem
1056 534 1154 596 tuam

71 623 242 712 nutrias,
268 619 292 692 si
317 615 431 692 lidelis
456 639 533 692 non
554 620 686 714 exigit,
711 619 736 692 si
750 619 890 714 gentilis
908 639 984 692 non
1011 619 1152 708 credit?
1295 687 1296 692 ,

66 721 167 824 -quid
183 717 306 815 gestias
324 733 385 790 aut
398 716 569 812 suspectu,
596 733 657 791 eut
672 738 748 790 non
764 719 970 791 desideranti
983 717 1157 811 placeres„

65 857 72 872 ·
148 831 189 918 ’5.
217 819 530 909 Haecutiqueiioii
546 816 746 891 adciudam
765 820 934 892 intutum
950 817 984 895 dt
1000 813 1152 894 ferinam
1193 829 1195 834 '

62 915 326 996 multitudinem
348 917 585 989 insinuandam
605 917 714 990 uobis
734 917 990 1012 suggerentem
1018 940 1086 991 nec
1105 919 1150 1000 de

66 1019 182 1093 mono
201 1017 364 1110 corporis
384 1014 605 1108 squalorem,
632 1015 689 1089 sed
711 1015 755 1088 de
774 1016 921 1110 pudoris
941 1017 1147 1113 suademus,

70 1117 137 1193 sed
156 1119 202 1192 de
216 1117 328 1190 modo
350 1115 519 1188 &cardin
617 1117 624 1131 '
652 1115 744 1192 stitia
764 1116 928 1209 corpoeis
945 1118 1146 1196 excolendi.
1265 1129 1272 1138 '

73 1215 172 1294 Non
195 1117 660 1410 supergrediendum„
669 1237 773 1306 quam
798 1215 897 1307 quod
923 1217 1148 1310 simplices&

61 1315 288 1392 -suffieieutes
304 1313 485 1388 munditia
500 1337 546 1388 co
645 1315 782 1408 iscunt,
807 1316 902 1389 ultra
917 1337 1021 1408 quam
1035 1317 1148 1390 domi·
1211 1311 1215 1321 ⁴

67 1435 130 1492 no
150 1409 308 1510 placere,
351 1414 393 1488 In
412 1416 510 1490 illum
535 1415 629 1488 onim
656 1415 887 1508 delinquunt,
921 1435 997 1508 quae
1025 1431 1147 1492 cutem

20 1551 24 1559 ·
70 1515 368 1591 medicaminibus
403 1527 590 1613 unguent,
625 1535 732 1612 genas
767 1517 903 1588 rubore
937 1517 1143 1610 macidant,
1191 1586 1192 1594 Ν
1239 1559 1244 1566 ·

71 1615 205 1688 oculos
253 1615 401 1710 fuligine
436 1615 639 1710 colligimt:
683 1613 842 1710 displicet
875 1613 942 1686 illis
979 1613 1147 1690 nimirum,

72 1713 220 1814 plastica
242 1713 339 1803 Del,
377 1715 413 1786 iii
435 1713 515 1812 ipsis
540 1717 779 1808 redarguunt,
802 1713 1068 1806 reprehendunt
1091 1735 1142 1786 ar·

72 1813 211 1888 tisicem
235 1815 404 1887 omnium.
462 1813 747 1910 Reprehendunt
771 1814 889 1908 enim,
919 1834 1001 1886 cum
1025 1835 1142 1888 emen·

70 1915 183 2008 dant,
222 1934 302 1986 cum
329 1913 522 2006 adjiciunt,
556 1915 680 2005 utique
707 1915 750 1985 ab
776 1909 978 1986 adversario
1005 1909 1141 1989 artifice

65 2011 252 2088 'sumentes
267 2012 506 2086 additamenta
520 2011 602 2106 ista,
628 2013 664 2086 id
682 2011 901 2086 estdiabolo.
954 2011 1048 2085 Nam
1062 2016 1139 2105 quie

71 2134 207 2207 corpus
225 2112 438 2186 monstraret
453 2125 592 2186 mutare
609 2109 670 2186 nisi
680 2107 745 2204 'qui
765 2109 966 2184 &hominis
981 2111 1139 2205 spiritum

65 2211 205 2288 malitia
227 2211 525 2307 nuntiiguravit‘l
559 2215 619 2286 ille
644 2212 843 2286 indubitate
869 2210 1068 2304 hujusmodi
1085 2213 1138 2288 iu·

58 2313 177 2408 genia
194 2311 452 2406 concinnavit,
474 2314 572 2384 utin
596 2315 702 2384 nobis
729 2311 995 2403 quodammodo
1012 2333 1136 2386 manua

64 2409 157 2489 *Deo
176 2411 334 2487 inferret.
385 2412 499 2511 Quod
513 2411 691 2504 nuscitur,
727 2433 819 2504 opus
836 2411 908 2484 Dei
930 2409 990 2486 est.
1037 2410 1136 2505 Ergo

70 2509 351 2607 quodlingitur,
379 2509 716 2606 diabolinegocium
739 2509 799 2586 est.
848 2511 989 2584 Divino
1012 2512 1135 2604 operi,
1185 2521 1189 2532 '
1294 2523 1296 2534 ’

71 2610 209 2682 Satanae
222 2610 604 2705 iugeniasuperducere
619 2633 722 2702 quarn
736 2607 918 2683 scelestum
933 2607 1008 2682 est?
1032 2609 1136 2684 seim

59 2707 183 2782 nostri
200 2709 243 2781 ab
261 2711 407 2782 inimicis
425 2709 553 2782 nostris
573 2709 662 2782 nihil
679 2723 909 2802 mutuantur,
934 2709 1062 2782 militet
1090 2709 1133 2784 ab

56 2807 172 2882 iioste
191 2810 414 2902 imperatoris
436 2807 485 2882 sui
505 2810 592 2884 niliil
611 2808 878 2902 concupiscunt.
930 2807 988 2882 De
1008 2810 1132 2882 adver»

65 2906 159 2982 sario
180 2912 274 2983 enim
292 2909 369 3001 ejus
386 2909 424 2981 in
445 2910 545 3002 cuius
566 2930 675 2984 manu
694 2909 759 3002 sit,
786 2908 916 3001 aliquid
932 2907 995 2982 usu
1012 2904 1132 3003 posiu-

55 3009 163 3100 date,
196 3007 415 3106 transgressio
440 3007 501 3084 est.
541 3008 767 3082 ¹Christianus
788 3009 923 3082 amulo
946 3009 1013 3081 illo
1035 3008 1131 3101 adju-

55 3105 241 3184 mihitur?
272 3107 392 3181 nescio
415 3129 460 3182 aii
484 3109 557 3182 hoc
576 3131 711 3182 nomen
728 3111 759 3184 ei
783 3105 1000 3201 perseveret.
1049 3107 1130 3180 Erit
1280 3191 1285 3206 ,

48 3209 161 3305 Ιιειῑίτιι
177 3207 293 3301 -ejus,
330 3207 376 3284 de
408 3209 508 3302 otljus
542 3208 711 3283 doctrinis
742 3207 864 3282 instrui
896 3205 1127 3301 concupiscit

67 3309 252 3399 Quantum
282 3321 400 3382 autem
431 3329 451 3380 a
485 3309 610 3382 vestris
652 3307 840 3404 disciplinis
874 3307 910 3381 dc
946 3305 1129 3400 professio·

56 3399 168 3480 nitius
182 3407 305 3478 ¹aliena
323 3405 429 3501 stitit,
455 3427 558 3500 quam
581 3405 723 3503 indigna
738 3407 885 3481 nomine
902 3404 1127 3500 Christiano,

56 3501 324 3579 saciem'iitlum
339 3506 492 3602 gestare,
519 3509 644 3600 quibui
658 3503 1125 3601 simplicitaeonuiieindici
1177 3585 1183 3598 ¹

58 3605 142 3678 tur!
168 3601 317 3702 effigiem
333 3607 500 3698 mentiri,
526 3609 652 3698 quibus
666 3609 783 3706 lingua
799 3607 991 3695 nonlicet,
1019 3627 1122 3698 appe·

57 3719 163 3797 tere,
190 3706 287 3796 quod
305 3705 424 3781 datum
438 3727 513 3779 non
532 3709 597 3802 sit,
631 3710 756 3804 quibus
780 3706 931 3780 alienum
952 3703 1122 3778 abstineri·

58 3804 149 3888 aiant
162 3803 200 3880 in
213 3801 328 3912 specie
343 3825 526 3906 euertere,
551 3807 838 3910 quibutttudium
853 3805 1032 3984 pudi‘ccitige
1042 3800 1122 3890 esti

101 3957 108 3969 .
242 3959 252 3974 .
960 3918 1075 3986 reite
