2522 4330
10 196 32 260 l·
303 142 789 257 AnMnrrrnas.
850 153 856 166 ’
1056 167 1113 279 ς;’

29 335 92 413 esse.
145 337 345 434 Propterea
370 341 464 416 enim
486 339 649 436 praedixit
666 341 825 436 spiritum
845 337 1078 440 promptum,

29 455 60 509 ιι
75 436 297 534 ostenderet,
323 441 408 534 quid
425 443 484 516 cui
504 441 633 516 debeat
634 440 726 715 ἔ
739 441 932 535 subiesium
950 497 964 537 ,
989 443 1079 520 scili·
1176 459 1184 480 '

31 547 87 632 cet,
111 555 152 612 ut
171 561 257 612 caro
273 541 405 614 serviat
419 539 571 636 spiritui,
597 543 633 614 in
728 561 772 615 or
784 541 952 636 fortiori,
978 544 1088 618 ut’ab

27 657 62 708 eo
81 641 183 712 etiam
205 638 313 734 ipsam
340 639 635 714 fortitudinema
724 653 770 716 at.
832 641 1079 736 Colloquatur
1131 733 1134 738 ¹

25 733 140 828 spiritns
157 761 241 812 cnm
254 759 361 814 carne
377 739 422 814 de
442 741 624 814 communi
638 738 768 835 salute,
790 760 862 816 nec
877 741 948 836 jam
966 743 1011 817 de
1025 741 1088 817 in-'

25 839 203 914 commodis
222 843 398 934 carceris,
424 837 567 936 sedipso
581 861 698 937 agone
714 840 885 934 &praelio
897 843 1085 939 cogitans.-

24 931 162 1012 sunebit
174 937 325 1014 forsitan
340 959 425 1013 caro
442 939 595 1037 gladium
611 955 792 1038 gravem,
807 939 841 1014 δι
857 961 1001 1016 crucem
1014 938 1084 1016 ere*
1122 1018 1127 1030 ,

24 1035 149 1132 reliam,
174 1039 361 1114 &rabiem
380 1039 592 1134 bestiarum,
618 1039 654 1114 δι
673 1038 840 1114 summam
855 1042 988 1136 ignium
1003 1063 1077 1136 poe·
1208 1062 1214 1082 ¹

22 1155 115 1230 nam,
127 1137 162 1212 dc
174 1159 288 1214 omne
309 1135 482 1214 carnificis
499 1139 680 1236 ingenium
693 1141 730 1213 in
749 1141 953 1214 tormentis,
1003 1139 1084 1230 Sed¹

22 1232 137 1326 spiritus
157 1253 294 1312 contra
316 1253 431 1334 ponat
447 1241 508 1314 sibi
526 1239 559 1312 δι
577 1239 701 1332 carni,
735 1241 865 1313 acerba
882 1239 969 1312 licet
990 1239 1075 1334 iste,
1132 1310 1145 1348 ι

21 1337 149 1410 amultis
166 1351 291 1413 tamen
307 1361 410 1432 aquo
429 1341 548 1414 animo
568 1353 741 1434 excepta,
766 1339 841 1414 imo
855 1339 998 1414 &tdtro
1016 1346 1083 1448 apf'
1137 1372 1141 1380 ·
1171 1429 1179 1452 ι

19 1436 133 1528 petita,
158 1438 264 1514 samec
291 1439 469 1534 &gloriae
500 1437 641 1514 caussa:
674 1461 745 1514 nec
764 1440 888 1512 aviris
907 1453 1073 1532 tantum,

18 1529 65 1605 tl
83 1539 185 1612 etiam
205 1559 227 1612 a
250 1537 412 1634 seminis,
437 1553 479 1612 ut
500 1551 571 1614 vos
595 1559 740 1633 quoque
763 1537 957 1612 benedittae
973 1538 1077 1614 sexui

16 1633 123 1708 restro
141 1635 400 1736 respondeatis.
452 1641 620 1735 Longum
643 1639 719 1734 est,
745 1638 993 1713 srenumerem
1007 1634 1102 1713 sin-1⁸

15 1734 132 1903 Elios,
164 1736 281 1832 quise
307 1739 425 1836 gladio
452 1739 706 1830 confecerint,
739 1736 944 1812 animosuo
966 1738 1071 1814 duiti.

46 1831 215 1912 cleminis
238 1839 284 1912 ad
304 1859 446 1914 manum
471 1837 523 1914 est
545 1839 738 1931 Lucretia,
766 1859 843 1930 quae
864 1839 938 1912 vim
961 1837 1074 1933 stupri

12 1929 123 2030 palia,
162 1939 318 2012 cultrum
345 1939 410 2014 fibi
434 1939 553 2036 adegit
573 1939 621 2012 in·
635 1936 829 2032 conspectu
849 1937 1074 2032 propinquo·

10 2043 105 2126 tum,
135 2051 175 2109 ut
192 2039 347 2134 gloriam
371 2037 520 2114 castitati
543 2037 614 2114 suae
636 2047 790 2132 pareret
841 2037 984 2111 Mutius
999 2060 1073 2112 ma-

12 2151 81 2208 num
97 2133 191 2210 suam
213 2137 401 2213 dexteram
421 2140 457 2214 in
476 2159 537 2213 ara
556 2133 756 2232 cremavit,
787 2150 831 2212 ut
847 2138 923 2212 hoc
939 2135 1073 2214 fadum
1154 2200 1163 2220 .

15 2233 73 2326 tius
92 2230 185 2310 sama
204 2237 367 2313 haberet.
419 2237 542 2314 Minus
557 2238 726 2312 iecerunt
741 2235 971 2332 Philosophi,
996 2235 1073 2311 He·
1203 2327 1217 2344 .

14 2333 160 2430 nefitus,
190 2340 255 2430 qui
268 2335 304 2410 se
315 2339 454 2412 bubulo
470 2337 630 2412 stercore
644 2338 798 2412 oblitum
809 2337 944 2412 exussit.
977 2334 1084 2412 Item·
1175 2387 1183 2418 ‹.

17 2423 259 2528 immoene,
295 2438 356 2532 qui
378 2440 416 2514 in
446 2439 546 2536 ignes
570 2437 713 2512 Aetnaei
743 2434 878 2512 montis
905 2433 1070 2512 diffilivit.

17 2523 300 2635 itPeregrinus,
326 2540 480 2631 quinon
500 2536 647 2632 olimgse
668 2557 762 2634 rogo
786 2535 954 2610 immisrt:
987 2535 1073 2610 cum

17 2625 127 2710 imina
147 2657 302 2731 quoque
319 2638 599 2734 contempserint
613 2640 725 2734 ignes.
775 2633 896 2728 Dido,
922 2655 969 2708 ne
987 2635 1072 2729 post

17 2731 107 2810 lirum
122 2736 381 2814 dileffiffimun
402 2743 541 2814 nubere
560 2749 764 2834 cogeretur.
821 2733 912 2810 Item
934 2733 1093 2808 Asdru.

15 2825 79 2908 belh
106 2859 236 2930 uxor,
273 2839 445 2930 quaejam
472 2837 622 2912 ardente
654 2835 869 2936 Carthagine
901 2837 1069 2912 maritum
1099 2933 1101 2938 Ι

14 2926 90 3007 ium
106 2937 310 3033 supplicem
327 2937 505 3031 Scipionis
524 2937 693 3032 videret,
725 2957 808 3011 cum
830 2931 910 3010 liliis
937 2933 1004 3008 suis
1029 2935 1068 3009 in
1108 2951 1113 2963 ·

12 3023 192 3114 ilcendium
218 3038 344 3132 patriae
366 3037 566 3112 devolavit
613 3031 804 3134 Regulus,
839 3041 912 3108 dux
932 3033 1068 3120 Roma-

13 3145 142 3239 torurn,
181 3147 314 3231 captus
341 3137 748 3235 aCarrhaginiensrbus,
787 3155 869 3209 cum
891 3135 925 3208 se
954 3153 1067 3208 unum

76 3237 196 3312 multis
215 3237 370 3330 captivis
390 3237 733 3335 Carthaginiensibus
758 3231 979 3330 compensari
999 3253 1066 3304 no-
1107 3333 1111 3338 .

28 3333 45 3423 f
68 3345 122 3428 et,
146 3337 280 3412 maluit
294 3335 455 3410 hostibus
470 3337 571 3410 reddi
589 3337 671 3411 &in
686 3356 775 3410 arcae
791 3356 902 3438 genus
916 3333 1074 3426 stipatur

68 3435 75 3448 '
120 3433 380 3511 eerninsecus
396 3439 509 3510 clavis
522 3433 727 3522 transfixus,
738 3447 799 3510 tot
811 3453 937 3506 cruces
948 3431 1061 3508 tenne

72 3534 80 3548 '
132 3535 271 3610 semina
287 3535 400 3611 libens
417 3539 590 3631 appetiit,
618 3537 652 3608 δι
670 3537 796 3628 utique
813 3533 968 3628 aspides,
993 3527 1093 3605 seri·

45 3647 113 3708 ntea
132 3650 247 3709 tauro
271 3638 333 3709 vel
353 3633 435 3710 urso
464 3635 714 3732 horridiores,
753 3655 839 3728 ques
867 3631 1071 3726 cleopatra

74 3733 125 3808 itit
144 3735 242 3830 sibi,
271 3755 320 3808 ne
342 3733 378 3836 in
399 3757 528 3809 manus
557 3737 706 3812 inimici.
714 3733 933 3828 perveniret.
990 3731 1065 3806 Sed
1122 3793 1131 3804 .,
1232 3739 1243 3750 “

10 3833 112 3940 porn'r
126 3835 254 3914 metus
273 3854 350 3908 non
367 3848 489 3916 tannia
508 3835 582 3930 est,
609 3849 762 3936 quantus
779 3845 1060 3914 tormentorum.

348 3935 583 4047 '2⁰¹³
701 4008 708 4052 r
884 3931 1076 4052 Itaque.
1222 3921 1224 3928 ’

1210 4043 1250 4183 ‘s
