2608 4338
184 195 259 272 54⁴
346 163 557 274 Quart.
582 163 725 245 saon
752 141 1084 247 Terruerant

184 349 344 411 evocate
357 329 506 404 deberet
521 327 564 404 ad
582 322 748 425 gratiam,
774 347 850 402 non
867 347 887 402 a
903 343 1068 418 creatore
1085 325 1128 402 ad
1143 330 1252 412 alium

119 453 125 461 ·
184 435 317 514 Deum.
378 427 500 504 Nemo
527 429 621 504 enim
643 429 724 502 illos
751 442 918 502 moverat
942 451 962 502 a
983 445 1174 524 creatore,
1207 444 1252 506 ut

186 535 396 608 viderentur
414 529 462 604 fic
487 529 646 602 adalind
674 529 898 626 evangelium
922 529 1128 622 transferri,
1154 529 1251 622 quali

185 634 270 711 dum
283 631 327 704 ad
343 645 542 704 creatorem
560 627 833 704 transferuntur.
883 626 982 702 Nam
1002 629 1036 700 δι
1058 627 1250 728 adjicient,

183 733 283 828 quod
305 731 399 806 aliud
423 729 649 826 evangelium
674 729 824 802 omnino
844 747 921 802 non
950 721 1037 800 esset
1057 731 1249 804 creatoris:

130 896 135 905 .
185 829 378 908 confirmat
397 829 454 921 id,
480 827 578 922 quod
602 825 671 902 else
696 827 865 902 defendit.
916 827 954 900 Si
978 827 1071 902 enim
1096 827 1131 901 tr
1154 849 1251 904 crea·

183 945 247 1026 tor
268 931 490 1027 evangelium
509 928 752 1022 repromittit,
777 928 897 1002 dicens
919 947 983 1022 per
1005 924 1160 1002 Esaiam:
1185 927 1259 1005 Af*

185 1031 299 1114 cende
320 1031 359 1104 in
373 1041 535 1104 montem
552 1025 753 1120 excelsum,
792 1029 852 1120 qui
874 1028 1097 1123 evangelizas
1120 1027 1250 1124 sioni,

185 1132 323 1208 extolle
342 1149 476 1202 vocem
494 1129 532 1204 in
554 1127 712 1200 valentia
728 1143 810 1220 tua,
837 1127 896 1218 qui
920 1127 1144 1224 evangelizas
1164 1129 1251 1204 Hie·

120 1315 122 1322 ,
183 1230 343 1308 rusalem.
368 1225 790 1320 ltemadllpostolorum
802 1225 1004 1322 personam:
1032 1231 1149 1325 Quam
1162 1242 1251 1302 tem·

146 1327 151 1332 ’
184 1330 313 1428 pestivi
339 1327 449 1421 pedes
480 1325 799 1422 evmgelizantium
827 1347 978 1419 pacem,
1005 1327 1252 1424 evangelizari·
1295 1389 1296 1394 .

182 1430 275 1505 dum
297 1429 420 1522 bona,
457 1425 580 1517 utique
606 1423 869 1500 &nationibus
903 1427 1250 1522 evangelizantium,

184 1528 354 1622 quoniam
373 1527 407 1600 u
425 1523 466 1600 in
488 1527 635 1600 nomine
658 1525 760 1618 ejus,
785 1527 924 1618 inquit,
950 1525 1116 1606 nationes
1135 1523 1252 1620 sperno

182 1627 311 1726 bunt„
323 1623 450 1701 Christi
470 1615 639 1720 scillcet,
654 1625 711 1698 cui
729 1625 801 1719 ait,
821 1625 927 1699 Posui
946 1639 984 1698 te
1001 1625 1037 1697 in
1054 1627 1173 1700 lumen
1188 1649 1250 1702 na·

182 1729 335 1804 tionum.
361 1724 423 1800 Est
438 1739 557 1800 autem
573 1725 796 1822 evangelium
813 1726 919 1798 etiam
932 1723 1002 1797 Dei
1014 1726 1125 1816 novi,
1148 1727 1252 1819 quod

181 1830 266 1919 vis,
291 1843 380 1900 tunc
394 1827 437 1900 ab
453 1823 636 1920 Apostolo
653 1821 842 1900 defensum.
882 1825 958 1920 Jam
974 1843 1060 1922 ergo
1079 1823 1152 1896 duo
1168 1824 1252 1907 sunt

99 1970 104 1983 ·
182 1927 370 2022 evangelia
394 1924 488 2018 apud
510 1924 603 1996 duos
628 1921 757 2017 Deos,
792 1923 826 1996 dc
852 1923 1022 1998 mentitus
1051 1920 1119 1998 erit
1145 1921 1261 2018 Apo-‘⁴

182 2023 295 2100 stolus
331 2025 482 2114 dicens,
517 2025 595 2116 quoi
624 2027 711 2092 aliul
743 2027 869 2094 ommno
901 2049 966 2092 non
995 2023 1062 2120 eft,
1095 2038 1176 2096 cum
1206 2023 1251 2100 stt

61 2150 66 2161 ·
185 2125 221 2196 u
236 2121 347 2198 aliud:
373 2140 456 2196 cum
475 2121 521 2196 fic
539 2117 637 2197 suum
651 2117 886 2218 Evangelium
900 2119 1094 2196 defendere
1116 2123 1251 2218 potuis·

183 2215 261 2317 set,
282 2239 340 2296 ‘ut
366 2222 488 2317 potius
511 2219 798 2314 demonstraret,
831 2243 908 2296 non
935 2235 976 2296 ut
998 2243 1108 2298 unum
1132 2223 1251 2298 deter-

183 2325 345 2402 minaret.
395 2321 466 2396 Sed
487 2315 654 2415 forcalle,
680 2337 723 2394 ut
742 2321 855 2419 fugias
874 2323 980 2416 hinc,
1008 2319 1042 2396 ἃ
1063 2321 1173 2416 ideo,
1199 2324 1251 2398 di·

185 2445 270 2519 ces,
295 2421 498 2514 subtexuit,
523 2424 596 2492 licet
611 2424 734 2518 arigisus
756 2425 791 2492 de
806 2425 874 2494 colo
894 2424 992 2492 aliter
1009 2425 1252 2516 evangelizave-

185 2529 254 2610 rr'r,
280 2524 523 2615 ananiemafir,
551 2521 632 2614 quia
649 2519 683 2594 tr
702 2535 902 2596 creatorem
918 2519 1050 2594 sciebat
1069 2525 1253 2619 evangeli·

183 2637 357 2698 murrum.
407 2619 539 2698 Rursus
564 2641 652 2718 ergo
672 2635 710 2696 te
730 2623 900 2718 implicas.
954 2619 1038 2694 Hoc
1053 2621 1104 2696 est
1127 2625 1252 2718 enim,

184 2741 257 2816 quo
279 2721 511 2817 adstringerls.
571 2719 659 2794 Duo
681 2723 775 2796 enim
793 2715 990 2816 Evangelia
1009 2719 1251 2816 confirmare,

183 2841 261 2896 non
287 2819 338 2894 est
360 2820 458 2914 ejus,
494 2820 554 2912 qui
579 2819 673 2894 aliud
696 2821 766 2914 Jam
790 2823 938 2916 negarit.
990 2816 1129 2896 Tamen
1148 2823 1253 2898 lucet

184 2917 301 2996 sensus
326 2919 425 3015 ejus,
453 2919 512 3014 qui
533 2918 627 2996 suam
650 2919 813 3014 premnt
834 2919 1031 3015 personam.
1080 2925 1143 2994 Sed
1163 2923 1203 2998 tl
1226 2923 1253 3018 β

184 3046 241 3091 eros
255 3037 313 3090 aut
325 3025 451 3109 angelus
464 3025 500 3090 de
524 3021 592 3090 coes»
603 3024 700 3091 almer
717 3025 1003 3113 evangelizaverit,
1030 3020 1144 3102 Verbi
1155 3026 1255 3102 enim

183 3121 295 3218 gratia
311 3119 441 3196 ditium
460 3117 521 3196 est.
574 3117 773 3211 Ceterum,
798 3121 906 3194 sinet
926 3117 1005 3219 ipse*
1018 3122 1120 3196 aliter
1140 3141 1255 3198 evan·

66 3219 68 3226 ’
183 3220 418 3317 gelizaturus,
443 3222 567 3310 utique
581 3239 650 3294 nec
665 3223 819 3316 angelus.
866 3219 923 3294 Ita
935 3222 1099 3315 angelum
1115 3221 1158 3294 ad
1174 3223 1267 3296 hoe'

110 3349 114 3360 ¹
181 3320 404 3412 nominavit,
430 3339 503 3410 quo
511 3321 628 3392 multo
644 3323 752 3414 magis
767 3319 970 3394 hominibus
985 3339 1061 3392 non
1077 3317 1163 3396 esset
1174 3341 1256 3396 cra·

182 3417 360 3512 dandum,
398 3417 540 3510 quando
565 3439 632 3492 nec
655 3421 804 3514 angelo,
841 3439 909 3494 nec
931 3415 1135 3512 Apostolo:
1170 3441 1255 3498 non

183 3518 346 3614 angelum
368 3519 410 3590 ad
432 3509 668 3612 Evangelium
689 3517 843 3592 referret
864 3520 1046 3594 creatoris.
1106 3513 1255 3598 Exinde

159 3699 167 3710 ,
182 3615 375 3692 decurrens
392 3617 554 3693 ordinem
575 3617 821 3692 conversionis
842 3617 932 3712 suae,
957 3620 1002 3694 de
1016 3615 1259 3719 persecutore

180 3713 219 3788 in
249 3711 496 3808 Apostolum,
538 3711 743 3809 scripturam
775 3721 1006 3815 Apostolicorum
1032 3713 1276 3814 confirmat,e

182 3811 276 3910 apud
312 3833 417 3908 quoru
450 3815 523 3912 ipsa
554 3817 663 3894 eriam
689 3815 847 3912 epistole
875 3815 972 3893 tuus
1006 3821 1157 3994 meteri}
1176 3839 1257 3930 ‚rea

355 3957 361 3965 -
1013 3937 1134 4017 cogno
1151 3937 1203 3994 ct·
