2612 4328
116 175 227 286 3316
273 265 276 272 ,
307 189 370 289 Q,
396 185 527 262 Sars.
555 171 692 264 Ftoa.
728 156 1070 262 Tianorum
1164 258 1173 267 .

156 351 308 428 caullam
345 349 381 424 n
415 353 599 425 materiam
636 349 704 424 stiae
731 346 966 424 revelationis
1005 345 1248 449 ne'cess'ariae,

158 470 217 528 aut
241 452 440 540 dubitavit,
478 465 540 524 aut
566 471 642 524 non
662 451 807 544 notuit,
835 451 1044 523 autnoluit.
1077 447 1247 528 ‘Omnia

156 552 346 628 hac-Deo
373 551 543 647 indigna,
584 552 736 624 maxime
758 551 911 644 optimo.
971 547 1245 626 Sedunum

51 689 54 692 ·
157 649 281 728 locum
312 652 393 723 alibi
423 651 647 744 implebimus
677 651 962 744 exprobratione
985 647 1068 722 sera
1090 657 1243 728 revela-

156 755 288 845 tionis,
312 753 402 824 stcut
417 770 514 824 nunc
530 749 612 825 iola
627 749 941 825 demonstratione.
980 791 984 798 ·

175 897 177 911 ι
235 862 291 932 18.
316 849 531 926 Proseilemt
541 873 610 947 age
624 853 695 945 jam
706 851 744 922 in
756 851 922 924 notitiam
940 847 1084 942 quando
1093 851 1242 944 voluit,

155 953 300 1046 qaaando
316 954 457 1046 potuit,
483 952 626 1043 quando
647 954 738 1025 hora
756 949 872 1023 fatalis
890 951 1058 1023 advenit:
1081 948 1244 1035 lortaile

62 1087 65 1098 ¹
157 1053 496 1132 enimnnabibazon
512 1055 544 1125 ei
561 1049 736 1148 obstabat,
760 1051 953 1142 autaliquae
960 1043 1147 1142 malefica,
1165 1065 1238 1126 aut

158 1159 323 1226 Saturnus
336 1157 526 1250 quadratur,
548 1165 609 1224 aut
636 1159 730 1222 Mors
745 1159 896 1243 trt'ffllus.
929 1149 1073 1225 Nam&
1094 1154 1240 1222 Motha·

152 1260 266 1327 marici
280 1253 469 1348 plurimum
486 1249 734 1344 Marcionita,
759 1271 828 1325 nec
847 1251 920 1324 hoc
950 1241 1234 1346 erubescentes,

156 1356 201 1430 de
229 1354 307 1445 ipsis
331 1353 437 1424 etiam
462 1351 569 1424 stellis
599 1352 727 1436 vivere
751 1351 935 1426 creatoris.
987 1347 1235 1426 Tratlandum

157 1455 273 1528 &hic
299 1453 344 1525 de
371 1449 606 1525 revelationis
636 1452 824 1542 qualitate,
861 1471 905 1524 an
927 1451 1032 1546 digne
1058 1453 1233 1546 cognitus

153 1555 217 1646 sat,
243 1567 286 1624 ut
303 1551 444 1626 constet
467 1573 512 1624 an
534 1571 645 1642 vere,
684 1551 718 1624 u
741 1551 792 1623 ita
814 1551 980 1626 credatur
1002 1548 1093 1643 elle,
1120 1570 1233 1642 quem

145 1655 263 1750 digne
283 1650 485 1724 constiterit
505 1652 717 1726 revelatum.
748 1650 876 1747 Digna
896 1649 1117 1741 enim'Dco,
1144 1671 1235 1744 pro-

65 1753 67 1757 ’
155 1756 295 1829 babunt
311 1751 440 1824 Deum.
491 1749 575 1824 Nos
600 1747 786 1824 delinimus
816 1749 937 1824 Deum
959 1751 1077 1846 primo
1100 1764 1232 1826 natam

155 1849 465 1950 cognoscendum,
521 1851 649 1924 deinde
692 1850 852 1924 dodlrina
884 1846 1230 1946 recognoscendum.

40 2023 47 2038 ,
90 2015 95 2028 .
155 1951 316 2046 Natura,
346 1951 597 2043 exoperibus,
626 1949 808 2043 dotlrina,
836 1971 881 2023 ex
900 1949 1230 2043 praedicationibus.

109 2087 111 2091 v
155 2052 224 2127 Sed
246 2051 304 2124 cui
327 2052 423 2124 nulla
443 2064 571 2122 natura
589 2048 659 2143 est,
693 2053 871 2122 nattualia
890 2048 1123 2123 instrumenta
1149 2071 1229 2124 non

153 2149 359 2247 suppetunt.
411 2146 508 2246 Ergo
533 2151 596 2224 vel
625 2150 936 2243 predicationibus
961 2149 1228 2224 revelationem

153 2251 204 2326 sui
225 2254 395 2325 debuerat
415 2251 576 2342 operari,
603 2249 755 2322 maxime
777 2249 944 2323 aduersus
959 2271 1040 2322 eum
1060 2250 1227 2322 revelan-

150 2353 242 2445 dus,
271 2351 381 2444 qui&
403 2349 622 2424 conditionis
641 2347 949 2442 &predicationis
969 2349 1139 2442 operibus
1165 2361 1228 2424 tot

114 2533 116 2541 ,
154 2453 360 2542 astantis,
401 2451 465 2522 vix
499 2464 640 2541 tamen,
685 2449 868 2524 hominem
897 2447 969 2523 fide
998 2450 1224 2542 impleverat.

154 2552 357 2652 Quomodo
373 2550 494 2642 itaque
508 2551 691 2623 revelatus
714 2548 785 2641 est,
810 2549 837 2623 sr-
850 2571 913 2644 per
930 2551 1118 2623 humanam
1138 2569 1225 2624 con·

148 2649 323 2746 jetttuam
349 2668 457 2744 negas
491 2649 612 2722 Deum
643 2651 724 2722 alias
756 2647 927 2746 cognosci
950 2647 1078 2741 polle,
1118 2661 1252 2740 quam'

26 2781 32 2786 ·
152 2748 479 2844 persemetipsum:
505 2769 572 2822 nec
600 2763 740 2824 tantum
769 2748 812 2822 ad
835 2747 989 2824 formam
1012 2767 1223 2840 provocans

152 2853 348 2942 creatoris,
396 2870 522 2922 verum
549 2849 584 2921 dt
608 2847 650 2950 ad
680 2849 955 2943 conditionem,
989 2859 1061 2922 tam
1094 2847 1228 2950 divinaen

151 2951 401 3046 magnitudinis
423 2968 527 3040 quam
543 2950 704 3022 humana:
722 2947 1003 3022 mediocritatis:
1036 2969 1083 3020 ne
1107 2949 1222 3040 major

151 3049 239 3124 Deo
261 3050 374 3124 homo
397 3049 511 3121 videri
531 3047 659 3142 potin,
687 3048 748 3140 qui
769 3069 850 3124 eum
872 3069 948 3124 non
968 3049 1067 3120 ultro
1096 3049 1220 3122 volen-

26 3227 32 3246 ,
57 3199 67 3209 -
151 3164 227 3224 tem
247 3145 442 3245 cognosci,
467 3147 535 3220 suis
552 3148 690 3220 viribus
704 3147 971 3238 quodammodo
987 3150 1024 3220 in
1037 3147 1219 3240 publicum

153 3250 344 3348 agnitionis
372 3249 587 3321 extraxerit:
614 3269 702 3320 cum·
717 3249 870 3322 hnmana
884 3249 1114 3321 mediocritas
1135 3245 1218 3320 iaci·

138 3350 220 3422 lius
246 3349 350 3422 Deos
377 3345 514 3444 lingere
541 3347 603 3420 sibi
631 3347 750 3438 norit,
792 3347 1128 3422 secundum.totirts
1152 3347 1219 3420 nvi

151 3450 416 3542 experimenta,
444 3467 549 3538 quam
573 3465 700 3518 venam
716 3443 859 3538 scitari,
887 3466 994 3540 quem
1010 3447 1215 3537 naturajam

138 3549 365 3644 ‚intelligunt
417 3543 612 3637 Alioquin,
639 3545 867 3626 fibichomo
891 3547 1013 3620 Deum
1039 3565 1215 3619 commen·

148 3649 302 3738 tabitur,
330 3643 516 3739 quomodo
537 3643 713 3717 Romulus
734 3649 867 3728 Consum
893 3645 1073 3719 &Tatius
1105 3647 1214 3716 Cloaci-

148 3771 253 3825 nam,
289 3743 710 3838 oricandensium,
744 3745 777 3819 dt
808 3745 981 3818 Metellus
1013 3747 1213 3831 Alburnum,

79 3931 82 3935 ,
149 3843 184 3921 dt
207 3844 348 3940 qaudam
376 3844 552 3920 antehoc
575 3857 732 3942 tempus·
750 3849 955 3942 Antinoum,
985 3847 1061 3921 boc
1077 3846 1154 3944 ¹:siliis
1177 3846 1214 3918 li·

1052 3945 1162 4020 tebit:
