2598 4328
173 155 433 230 astrites
453 129 908 230 maierone'mtri.
935 135 1002 231 su.
1051 143 1124 258 463

62 317 101 392 at
112 332 240 392 novus
258 309 359 388 Deris
376 317 496 388 riovtu
515 309 693 408 Christus,
719 333 850 408 nove,
876 325 1054 410 tantaque
1071 336 1126 392 rea

59 415 205 514 ligionis
236 415 487 505 illuminator,
523 423 754 486 conurmaees
785 413 819 486 tc
850 413 1125 510 inobsequentes

60 515 336 614 pronuntiaret,
363 531 454 604 quos
467 529 545 586 non
561 511 732 604 pomiffet
747 513 929 606 expernit

141 623 200 696 18.
226 611 380 686 Proinde
392 614 562 685 extodmdo
568 613 636 703 fide
654 619 879 702 Cmrrrionis,
905 615 1125 712 incredibile,

61 713 87 790 fi
106 715 136 788 is
153 711 305 812 proseffirs
329 713 390 810 esi,
425 711 564 802 talemse
578 710 673 804 fidem
688 737 745 814 nec¹
758 720 801 796 ¹in
826 710 935 806 israele
951 713 1126 808 invenisse,

12 835 13 896 ;
66 813 107 886 ad
125 833 234 906 quem
250 817 328 886 non
345 811 549 907 pertinebat
560 801 648 884 fides
664 809 808 888 israelis.
859 813 930 888 Sed
949 811 1017 890 ne'c
1030 818 1127 890 exim

66 913 109 988 de
130 911 313 1008 pertinere
327 923 473 1005 poterut
487 909 601 984 adhuc
616 911 751 1006 crassia,
777 911 819 985 ut
831 916 1046 1008 probaretur
1065 909 1128 990 vel

12 1029 13 1104 l
68 1027 364 1118 compararetur,⁸
380 1031 428 1084 ne
440 1010 586 1084 dixerim
604 1011 717 1084 adhuc
731 1013 835 1086 nulia
885 1013 955 1088 Sed
970 1028 1128 1090 crunon
1240 1061 1242 1068 ι

12 1115 13 1124 ’
64 1113 208 1188 licuerit
224 1112 273 1184 illi
293 1111 414 1184 alienae
428 1105 511 1184 fidei
532 1113 696 1204 eirernplo
713 1111 799 1184 uti?
834 1113 1056 1212 Quoniarnsr
1077 1115 1129 1194 ita

66 1211 176 1304 esset,
203 1207 361 1303 dixisset,
386 1211 495 1284 talem
525 1207 631 1284 iidem
656 1213 786 1284 necin
817 1209 941 1287 israele
973 1231 1130 1306 unquam

65 1309 179 1385 suiffe.
231 1296 442 1404 Caeterum,
457 1309 576 1384 dicens
599 1311 706 1384 talem
726 1307 833 1385 fidem
852 1309 1005 1388 debuisse
1026 1313 1131 1387 inve·

65 1411 143 1484 nire
157 1410 196 1482 in
211 1405 357 1501 israele,
384 1409 514 1501 quique
532 1409 575 1482 ad
596 1411 668 1484 hoc
685 1409 857 1504 venisset,
881 1427 923 1487 ut
938 1435 1014 1488 eam
1027 1413 1130 1487 inve·

65 1513 190 1603 niret,
218 1507 322 1582 Deus
342 1505 475 1582 scilicet
498 1509 533 1582 dt
557 1505 713 1582 Christus
736 1507 897 1605 illaesis,
932 1534 1035 1604 quam
1050 1532 1129 1588 non

67 1605 277 1706 sugillasset,
302 1606 364 1682 nisr
380 1606 524 1680 exasior
538 1605 731 1682 &sesiator
747 1609 849 1683 eius?
874 1611 1048 1708 Aemulus
1067 1635 1131 1686 ve·

67 1731 135 1802 ro,
172 1707 280 1780 etiam
300 1705 472 1781 maluisset
487 1729 564 1780 eam
584 1709 690 1780 talem
714 1705 924 1802 inventam,
959 1709 1003 1784 ad
1025 1711 1132 1804 quani

68 1805 313 1883 infirmandam
335 1803 628 1880 &destruendam
650 1805 757 1904 magis
779 1825 958 1908 venerat,
992 1829 1068 1886 non
1087 1809 1132 1888 ad

68 1903 385 2000 comprobandam.
438 1907 701 1995 Resuscitavit&
716 1925 873 1978 mortuum
892 1911 994 1998 slsum
1005 1913 1131 1997 viduet
1188 1934 1190 1944 ·

68 2029 146 2080 non
166 2025 307 2078 novum
327 2005 591 2082 documentum.
642 2005 727 2080 Hoc·
743 2003 776 2082 'br
790 2011 977 2106 prophete
993 2025 1131 2084 creato:

69 2107 114 2180 ris
133 2104 339 2191 ediderants
365 2106 622 2204 quantomagis
641 2103 759 2180 iilius‘i
784 2105 892 2180 Adeo
907 2125 1026 2183 autem
1037 2111 1075 2182 in
1091 2111 1133 2184 il·

69 2201 263 2295 ludusque
290 2203 464 2280 momenti
493 2207 628 2278 nullum
654 2207 759 2286 alium
785 2207 948 2280 dominus
975 2207 1132 2284 Christrrs

69 2305 268 2396 intulerat,
294 2315 335 2374 ut
357 2323 482 2375 omnes
500 2304 573 2376 illic
591 2311 728 2378 creatori
736 2305 868 2398 gloriam
883 2311 1068 2394 retulerint,
1085 2309 1135 2380 di·

69 2423 197 2491 amter,
221 2425 349 2496 magnus
359 2399 524 2498 prophetes
531 2405 649 2500 prodiit
663 2411 701 2474 in
716 2405 822 2491 nobis,
844 2404 884 2481 σ
898 2407 1031 2502 respexit
1043 2411 1134 2479 lim

65 2503 216 2605 papulum
234 2503 339 2593 fisum.
392 2499 482 2598 Quis
504 2499 641 2575 Deus?
675 2501 810 2596 Utique
831 2500 930 2597 cujus
950 2507 1133 2604 populus,

70 2605 104 2680 dt
127 2621 241 2694 aquo
259 2601 459 2694 Propheta.
523 2601 634 2700 Quod
657 2600 750 2679 iiilli
771 2601 913 2694 quidem
933 2610 1135 2684 creatorem

69 2699 345 2802 glorificabant,
370 2697 526 2774 Christus
549 2719 641 2775 vero
663 2699 697 2776 &
717 2701 859 2776 audiens
878 2689 1036 2777 &sciens
1055 2710 1137 2782 noti

12 2873 13 2880 Ν
71 2801 305 2899 corrigebat,
340 2797 374 2873 e
399 2799 540 2894 quidem
565 2799 726 2888 batanto
755 2801 974 2878 dousmento
998 2805 1136 2882 mortui

68 2899 267 2977 resuscitati
288 2912 487 2975 creatorem
507 2894 623 2974 adbuc
646 2897 817 2995 brantes,
852 2903 923 2976 sne
942 2905 1051 2977 dubio
1072 2899 1136 2978 aut

69 3023 150 3076 non
169 2999 277 3074 alium
303 2997 575 3074 circumferebat
592 2997 739 3094 Deum,
775 3020 996 3094 quamquem
1013 3005 1050 3077 in
1065 3002 1134 3079 suii
1216 3015 1220 3026 '

67 3097 257 3177 beneficiis
281 3111 387 3190 atque
413 3099 607 3174 uirtutibus
630 3101 804 3174 honorari
824 3095 1040 3194 ilrstinebat3
1074 3107 1138 3178 aut
1204 3100 1209 3113 “
1250 3102 1255 3114 ’

69 3205 178 3297 quale
195 3196 247 3272 eil
262 3209 305 3272 ut
321 3199 403 3272 illos
424 3209 497 3271 tam
511 3199 571 3272 diu
589 3215 747 3272 errantes
766 3197 972 3296 sustineret,
998 3203 1041 3276 ad
1061 3197 1137 3280 hoe

12 3353 13 3360 a
68 3299 226 3376 veniens
242 3306 285 3370 ut
306 3298 422 3388 errori
444 3317 570 3374 eornm
593 3297 819 3373 mederetur?
851 3297 921 3374 Sed
934 3303 1137 3390 scandalizas

68 3417 126 3476 tro·
152 3403 300 3498 Joarrnes
319 3401 440 3469 auditis
458 3399 639 3472 virtutibus
660 3399 798 3489 chrisis,
822 3415 865 3474 ut
879 3402 1034 3476 alteriue.
1082 3399 1138 3476 At

67 3519 140 3599 ego
152 3500 332 3574 rationem
345 3495 495 3572 scandali
508 3497 605 3598 prius
617 3500 814 3594 expediam,
832 3521 905 3592 quo
919 3499 1055 3574 facilius
1068 3499 1139 3574 hae·

68 3601 176 3674 retici
200 3594 398 3672 scandalum
420 3599 620 3691 explodam.
677 3599 758 3696 ipso
778 3599 848 3692 jam
869 3601 1039 3696 domino,
1064 3601 1139 3698 vira

70 3713 191 3774 tutum
211 3695 565 3792 sermones-spiritu
585 3699 695 3794 patris
714 3711 886 3794 operante
899 3699 935 3772 in
948 3701 1074 3799 terris,
1103 3699 1138 3776 dt

68 3800 291 3894 predicante
304 3851 318 3894 ,
330 3795 490 3876 matese
510 3814 594 3875 east·
613 3793 823 3911 portionem
842 3795 982 3893 spiritus
1001 3797 1137 3896 sante,

269 3952 278 3968 .
767 3910 772 3919 ·
1009 3917 1087 3994 (μω
