2612 4328
235 171 321 272 ἐκ
345 188 487 272 Fusa
509 213 561 270 ru
583 183 996 275 Parsrcurrort'n.
1014 189 1029 214 '²
1095 197 1171 296 adt

7 379 8 390 ¹
91 365 280 451 catorum,
305 356 434 450 quitus
447 355 536 432 Deo
551 355 822 451 detinebamur,
847 353 1170 436 sinobisiddomi
1265 445 1269 459 ,

6 476 11 492 ’
90 457 330 534 ulceratione
357 455 590 534 conferrent:
629 471 671 530 ut
699 477 783 534 curn
809 455 967 552 coepilset
992 460 1038 532 ab
1065 459 1171 552 hujus

6 595 9 630 ι
90 553 243 632 deficere
262 555 398 655 gratia,
427 557 472 632 ad
488 557 646 634 nostram
664 555 771 632 fidem
797 556 1015 655 refugientes
1033 559 1183 653 recipe'

6 661 8 676 '
87 668 212 734 rentur
240 658 278 736 ia
301 659 533 734 tabernacula
557 673 700 732 eterna.
760 657 937 760 Quamvis
961 679 1059 732 nunc
1080 669 1171 756 puta
1215 701 1232 724 J.

87 755 190 834 aliam
214 757 554 852 interpretationem
579 757 758 852 parabolae
783 757 817 832 δι
841 756 1023 832 sententiar
1044 759 1169 856 iilius,

83 853 172 932 dum
189 855 275 930 scias
301 857 491 934 verisimile
514 877 592 932 non
613 856 705 952 eise,
737 873 780 930 ut
803 856 1036 932 concussores
1055 859 1170 936 nostri

83 951 122 1032 in
138 957 330 1032 amicitiam
348 955 481 1032 redatbi
496 977 562 1052 per
579 959 846 1050 Marnmonam,
879 958 1056 1054 recipiant
1078 971 1169 1034 tunt
1264 1041 1266 1048 ,

82 1073 156 1132 nos
183 1057 221 1130 in
241 1057 480 1132 tabernacula·
494 1071 637 1133 aeterna.
689 1057 760 1132 Sed
785 1057 870 1153 quid
893 1077 973 1132 non
998 1059 1167 1136 timiditas

81 1154 335 1250 persuadebit,
374 1158 469 1250 quali
496 1153 531 1234 o
556 1157 682 1258 fugere
702 1157 875 1254 scriptura
894 1160 1104 1256 permittat,
1131 1161 1167 1234 dt

80 1255 263 1330 redimere
287 1259 480 1352 praecipiat.
517 1257 648 1334 Parum
671 1257 826 1352 denique
847 1257 920 1352 est,
945 1259 1082 1334 srunus
1106 1266 1171 1334 aut

81 1356 178 1432 alitis
203 1357 254 1430 ita
279 1357 426 1454 troitum
473 1355 783 1434 Massaliter-toto
807 1359 965 1434 ecclenae
988 1357 1167 1438 tributum
1232 1357 1234 1368 '

80 1442 150 1534 libi
182 1457 444 1555 irrogaverunt.
495 1457 630 1534 Nescio
666 1456 861 1534 dolendum
887 1479 931 1532 an
956 1457 1167 1534 erubescen-

80 1555 171 1630 dum
201 1555 269 1652 lit,
305 1551 388 1634 eum
411 1559 450 1634 in
472 1559 682 1634 matricibus
703 1555 1078 1634 beneficiariorum&
1104 1579 1167 1632 cua

81 1655 286 1751 tioiorum,
310 1659 407 1734 inter
431 1658 657 1734 tabernarios
683 1659 717 1732 dt
740 1657 878 1750 lanios,
909 1659 946 1732 dt
970 1659 1068 1732 iures
1091 1660 1166 1732 bal·

80 1772 260 1849 mama,
297 1756 333 1832 dt
357 1759 505 1834 aleones
531 1759 566 1832 dt
595 1759 773 1851 lenones,
809 1753 999 1832 Christiani
1020 1766 1167 1852 quoquo

81 1855 280 1952 vectigales
315 1859 560 1934 continentur.
618 1857 725 1934 Hanc
756 1855 977 1953 episcopatui
1000 1857 1168 1939 »formam

81 1953 258 2050 Apostoli
290 1957 544 2052 providentius
577 1957 840 2050 condiderunt,
872 1970 916 2032 ut
950 1979 1066 2054 regno
1099 1955 1167 2032 suo
1254 1971 1258 1982 '

82 2049 198 2132 securi
223 2055 294 2132 frui
319 2053 484 2153 possent,
509 2055 574 2134 sub
601 2061 759 2135 obtentu
782 2057 1040 2154 procurandi?
1078 2055 1167 2132 scili·

82 2169 146 2232 eet
180 2155 275 2234 enim
306 2157 415 2232 talem
446 2179 572 2254 pacem
604 2157 763 2236 Christus
798 2159 843 2234 ad
876 2171 1014 2254 patrem
1047 2177 1167 2254 tegre

81 2253 405 2433 diengmmandavit
437 2279 459 2334 a
488 2258 661 2338 militibus
697 2279 764 2356 par
801 2255 1032 2336 Saturnalitia
1068 2257 1167 2332 redi·

83 2375 169 2434 men
251 2413 261 2433 .
925 2377 928 2389 ·

163 2577 219 2648 14
244 2554 316 2631 Sed
341 2557 530 2648 quomodo
549 2559 780 2656 colligemus,
803 2559 942 2652 inquis,
967 2555 1165 2652 quomodo

85 2653 268 2732 domitrice
282 2651 445 2734 solennia
464 2655 749 2734 celebrabimus?
775 2659 901 2750 utique
919 2655 1107 2750 quomodo
1128 2655 1164 2732 dt

85 2751 281 2852 Apostoli,
307 2753 401 2850 fide,
426 2779 503 2834 non
521 2757 675 2858 pecunia
697 2755 787 2832 tuti:
813 2779 890 2852 que
903 2755 993 2832 fides
1014 2757 1039 2832 sr
1058 2777 1164 2834 mon·

17 2855 23 2868 “
84 2865 161 2933 tem
183 2855 378 2932 transferre
402 2858 551 2953 potest,
585 2859 837 2954 multomagis
863 2857 1022 2934 militem.
1073 2855 1181 2944 Esto,

85 2951 277 3050 sapientia,
303 2977 382 3032 non
404 2961 553 3054 premio
580 2958 718 3034 cauttis.
770 2955 902 3056 Neque
928 2959 1023 3032 enim
1047 2955 1165 3034 statim

39 3065 45 3074 ·
86 3053 331 3148 &apopulo
364 3059 433 3132 eris
458 3071 579 3154 tutus,
612 3059 637 3136 ii
664 3057 783 3134 officia
815 3059 981 3136 militaria
1005 3057 1165 3130 redeme-

86 3153 147 3232 ris.
200 3151 286 3230 Una
309 3175 398 3254 ergo
423 3157 491 3232 tibi
516 3155 663 3236 &fides
690 3157 725 3232 dt
749 3155 919 3254 sapientia
945 3155 988 3230 ad
1014 3157 1166 3232 nitelam

86 3275 180 3350 opus
211 3253 286 3350 est,
318 3259 446 3352 quibus
476 3279 556 3332 non
588 3257 778 3351 adhibitis,
813 3257 1165 3351 &redemptionem

85 3365 184 3432 tuam
208 3369 317 3450 potes
342 3357 517 3452 perderet
543 3357 731 3453 adhibitis,
756 3356 853 3432 haud
876 3355 1172 3449 redemptionem

85 3453 296 3533 desiderare.
347 3455 535 3534 Postremo
567 3456 793 3554 ircolllgere'
813 3455 971 3532 interdiu
994 3473 1072 3530 non
1096 3475 1164 3549 po·

8 3591 14 3664 5
85 3567 168 3650 tes,
192 3556 306 3632 habes
330 3555 508 3654 nodiern,
527 3560 610 3634 luce
643 3555 772 3632 emisti
794 3553 969 3632 luminosa
993 3549 1162 3628 adversus

87 3675 177 3732 eam.
226 3653 320 3731 Non
351 3669 461 3754 potes
490 3655 683 3746 dicunere
707 3676 772 3750 per
803 3657 987 3754 singulos,
1021 3653 1065 3730 stt
1095 3651 1161 3728 tibi

53 3823 58 3846 ,
88 3755 122 3830 dt
145 3757 185 3832 in
208 3757 324 3905 tribus
350 3755 514 3836 ecclelia:
538 3755 736 3932 meliussest
759 3757 884 3834 turbas
907 3767 987 3830 tuas
1007 3755 1162 3931 diffisu-
