2612 4328
218 211 475 288 inversos,
497 180 828 283 Muicrouau.
854 194 959 282 Lm,
979 181 1032 283 t'
1089 225 1158 300 317

8 395 13 468 t
73 373 205 450 nebit:
233 367 547 446 nosMareionem
567 367 774 444 nauclerum
792 367 985 460 novimus,
1012 385 1090 440 non
1106 387 1161 442 re-

8 473 15 552 l
75 493 169 572 gem
188 493 257 546 nec
278 471 542 564 imperatorem.
1247 475 1250 482 '
1289 471 1296 480 '

8 583 13 648 l
163 592 221 668 19.
246 569 346 663 Im0,
376 571 777 671 utquiqnlMurcionitae,
802 565 903 638 Deus
922 564 1066 657 noster,
1098 567 1162 642 etst

8 675 12 756 l
72 691 161 748 non
187 673 231 744 ab
254 671 387 764 initio,
433 669 495 742 etsi
512 688 589 742 non
609 687 675 760 per
701 666 975 760 conditionem,
1010 665 1073 738 sed¹
1094 687 1161 760 per

8 771 18 864 l
71 769 330 864 semetipsum,
355 771 538 842 revelatos
556 766 889 840 estin'cuatsro
912 785 1035 861 μευ.
1087 765 1173 840 Da-v

8 865 10 874 ’
74 871 206 964 bitur,
232 869 621 960 &ulceratorum
656 867 745 940 libet
767 868 811 940 de
833 865 931 940 omni
957 865 1048 940 statu
1071 869 1160 959 ejus.

73 969 268 1067 Distingui
287 969 383 1042 enim
407 967 571 1042 materias
597 981 769 1059 oportet,
796 987 870 1060 quo
892 967 1030 1058 plenius
1048 967 1082 1038 ἃ
1100 988 1160 1040 or-

8 1071 12 1148 l
74 1070 242 1146 dinatius
261 1065 508 1142 retradientur.
559 1065 704 1142 Interim
725 1063 804 1140 satis
830 1066 992 1160 erit,·ad
1013 1061 1160 1160 prasen-

8 1203 12 1242 l
71 1182 159 1244 tem
188 1167 336 1266 gradum
366 1167 416 1240 ita
443 1187 658 1258 occurrere,
703 1181 746 1240 ut
778 1166 981 1257 ostendam,
1031 1186 1161 1242 cunt·
1284 1169 1288 1182 '

8 1311 10 1364 ᾗ
70 1289 220 1344 cautu
258 1265 412 1362 Jt'sou
452 1289 530 1341 non
565 1267 707 1340 alterius
738 1265 810 1339 Dei
849 1265 1160 1362 circumlatorem,

8 1397 11 1452 l
71 1387 196 1464 quam
215 1369 398 1441 creatoris.
448 1363 498 1438 Et
517 1364 659 1459 quidem
680 1367 816 1460 paucis.
864 1365 979 1440 Anno
1003 1365 1076 1438 XV
1100 1361 1162 1438 Ti·

8 1497 10 1548 ι
70 1469 166 1542 berei
200 1485 440 1540 curusrus
467 1487 607 1562 Jasos
633 1467 677 1540 de
699 1467 792 1538 coelo
822 1487 965 1539 manare
996 1466 1161 1562 dignatus

8 1599 12 1654 l
73 1567 157 1661 est,
187 1565 325 1662 spiritur
351 1565 534 1654 salutaris5
561 1565 760 1640 Marcionis
776 1565 921 1656 salutis,
949 1567 1007 1657 qui
1026 1566 1078 1640 i'ta
1092 1588 1161 1640 voa

8 1687 13 1754 l
74 1668 175 1754 luit3
220 1669 352 1760 Quoto
379 1665 648 1756 quidemanno
688 1664 869 1738 Antonini
898 1661 1075 1760 Maioris,
1113 1667 1162 1742 de

8 1771 12 1854 l
74 1765 211 1844 Ponto
230 1765 293 1838 suo
322 1765 546 1837 exhalaverit
565 1785 649 1836 aura
672 1765 898 1847 canicularis,
934 1785 1012 1837 non
1036 1766 1162 1840 curavi

8 1873 11 1956 i
74 1864 330 1960 investigaret
354 1863 418 1938 de
444 1885 516 1955 quo
543 1879 662 1936 tamen
692 1861 855 1956 constat,
890 1861 1162 1940 Antoninianae

8 1989 37 2054 ’,,
74 1965 276 2044 hacreticus
293 1963 367 2056 est,
395 1959 457 2036 sub
473 1963 539 2036 Pio
557 1964 694 2057 impius.
741 1963 784 2036 A
804 1963 956 2036 Tiberio
974 1979 1093 2040 autem
1107 1965 1161 2039 us·

8 2097 9 2148 l
77 2082 153 2160 que
174 2059 221 2138 ad
236 2059 466 2138 antemnam
488 2065 570 2136 anni
583 2063 660 2136 fere
679 2063 780 2136 CXV
798 2063 832 2137 dt
851 2064 1032 2138 dimidium
1054 2065 1159 2160 anni,

79 2185 167 2238 cum
200 2163 346 2236 dimidio
368 2163 519 2236 mensis:
555 2163 777 2238 tantumdem
810 2166 983 2259 temporis
1015 2181 1162 2260 ponunt

76 2265 180 2338 inter
207 2281 467 2338 cuarsrunr
490 2263 524 2334 dc
545 2261 782 2338 lllarcionem.
853 2264 943 2338 Cum
965 2265 1073 2360 igitur
1097 2263 1165 2338 suu

43 2374 46 2383 ‘
79 2361 284 2441 Antonino
314 2363 447 2455 primus
478 2359 646 2436 Marcion
679 2364 777 2436 hunc
804 2360 925 2437 Deum
953 2363 1162 2457 induxerit,

76 2461 173 2540 ficut
202 2463 457 2554 probavimus,
484 2459 626 2554 statim,
655 2464 716 2552 qui
738 2460 848 2556 sapis,
884 2461 990 2554 plana
1007 2481 1065 2534 res
1088 2461 1164 2551 estc·

77 2561 320 2658 praejudicant
345 2559 539 2655 tempora,
579 2562 679 2652 quod
703 2558 766 2634 sub
786 2560 980 2632 Antonino
1008 2563 1164 2658 primum

79 2661 270 2756 proceffit,
300 2659 362 2734 sub
384 2657 537 2732 Tiberio
559 2682 635 2732 non
655 2657 874 2754 processisse,
909 2661 945 2732 id
964 2659 1020 2736 est
1037 2661 1163 2738 Deum

82 2758 289 2854 Antonini,
306 2761 443 2854 imperii
457 2757 642 2834 Tiberiani
657 2781 735 2832 uon
750 2758 868 2834 fuisse:
894 2773 1001 2852 atque
1016 2763 1067 2849 ita
1082 2783 1162 2837 nou

82 2881 104 2935 a
132 2881 349 2933 cuntsro
377 2863 601 2956 revelautm,
638 2881 743 2952 quem
768 2860 945 2934 coustata
969 2861 1164 2943 Marcione

81 2960 205 3054 primo
226 2961 465 3055 predicatum.
514 2960 600 3034 Hoc
622 2981 720 3034 nunc
738 2973 780 3032 ut
802 2961 954 3052 probem
975 2962 1165 3055 constare,
1284 2977 1287 2986 '

82 3059 188 3149 quod
202 3055 378 3154 superest,
404 3059 447 3133 ab
465 3059 545 3154 ipfis
562 3057 767 3134 adversariis
781 3058 924 3136 sumam.
975 3059 1162 3156 Separatio

82 3157 176 3256 legis
194 3156 230 3230 δι
247 3159 446 3254 evangelii,
472 3161 657 3252 proprium
675 3160 710 3232 tc
725 3164 895 3252 principale
914 3183 988 3252 opus
1008 3163 1048 3254 eli
1066 3167 1164 3234 lsai-
1254 3169 1259 3178 '

82 3261 210 3337 donis.-
243 3279 312 3332 nec
334 3271 510 3352 poterunt
530 3279 661 3354 negare
684 3257 842 3352 discipuli
868 3261 966 3355 ejus,
1004 3261 1102 3352 quod
1124 3261 1165 3334 in

84 3353 223 3434 strumo
247 3357 484 3432 instrumento
513 3360 671 3450 habent,
696 3380 770 3451 quo
798 3359 952 3452 denique
976 3361 1165 3434 initiantur

86 3451 346 3532 &indicantur
372 3459 411 3530 in
437 3459 528 3532 hanc
550 3459 709 3534 harefin.
758 3457 853 3534 Nam
878 3461 932 3534 hae
956 3456 1038 3532 sunt
1061 3461 1165 3531 Anti-

86 3555 185 3644 κλείει
211 3561 417 3640 Marcionis,
451 3557 488 3630 id
507 3557 559 3632 est
576 3559 764 3632 contrarie
789 3559 1059 3654 oppositiones,
1087 3581 1171 3654 quar

87 3671 266 3728 conantur
298 3654 510 3730 discordiam
538 3679 618 3733 cum
642 3661 721 3754 lege
759 3659 1012 3752 committere,
1047 3673 1089 3734 ut
1118 3681 1167 3735 ert

86 3750 293 3830 diverfitate
310 3755 562 3830 sententiarum
579 3758 765 3849 utriusque
780 3758 1023 3852 instrumenti,
1047 3759 1165 3834 diver-

85 3849 223 3932 litatem
246 3873 392 3949 quoque
409 3853 903 3954 argumentenuu·.Deorum
955 3855 1067 3958 igitur
1076 3879 1165 3938 ‚cum
1222 3885 1226 3892 ·

1073 3981 1116 4036 ea
