2612 4328
131 229 235 344 '260
312 233 1089 366 Q.srrr.'u‘roarmurmm
1192 321 1194 328 .

159 425 267 528 gasti,
287 425 387 520 quod
404 439 443 500 te
461 421 686 500 elletraduci
703 414 859 500 noluisti.
885 421 964 500 lmo
986 423 1126 519 inquis,
1153 424 1239 505 dum

22 549 26 559 ·
158 529 252 604 nolo
269 525 407 600 traduci
428 523 529 620 quod
547 520 642 617 sum,
679 523 858 598 consessus
882 523 918 597 id
939 521 1009 598 etse
1030 527 1129 618 quod
1144 529 1238 620 nolo

159 627 322 722 traduci:
354 625 482 716 idest,
520 621 769 700 Christianum
820 623 930 698 Potes
951 624 1073 718 itaque
1093 641 1131 700 te
1148 647 1240 700 mar·

158 741 279 819 tyrem
320 725 537 819 vendicare,
582 723 789 798 constanter
822 721 1020 809 ostendisse¹
1051 724 1238 823 Christum

157 825 377 921 Redimens,
413 846 490 900 non
517 822 688 900 ostendii
725 821 836 918 Apud
856 845 966 899 unum
985 823 1011 898 u
1032 823 1130 900 sorte
1151 847 1240 900 con·

156 923 264 1004 fessus
283 947 344 1020 es,
371 945 410 1000 er
435 947 459 1000 o
482 923 626 1019 &apud
640 923 940 1018 pluresnolendo
960 923 1149 1020 confiteri,
1175 949 1242 1000 ne·

156 1023 266 1124 gatti:
314 1023 390 1124 lpsa
410 947 499 1100 salus
527 1024 703 1120 judicabit
723 1024 907 1098 hominem
933 1021 1121 1122 ercidiffe,
1151 1026 1242 1112 dum

157 1127 295 1202 evadit
359 1121 504 1199 Excidit
535 1145 622 1221 ergo
644 1123 704 1216 qui
727 1125 853 1198 maluit
874 1122 1027 1200 evadne.
1075 1123 1240 1222 Negatio

157 1223 210 1302 est
229 1226 338 1300 etiam
351 1226 513 1318 martyrii
531 1219 719 1300 recusatio.
772 1222 988 1298 Christianus
1006 1227 1157 1318 pecunia
1174 1223 1239 1299 salz

149 1345 226 1399 'vus
243 1323 315 1400 est:
347 1323 381 1398 a
407 1326 444 1397 in
464 1323 543 1398 1hoc'
561 1345 726 1398 nummos
751 1323 861 1398 habet
881 1345 929 1398 ne
949 1325 1125 1416 patiatur,
1152 1325 1239 1404 dum

157 1423 328 1510 adversus
339 1423 461 1498 Deum
483 1423 551 1496 erit
569 1423 682 1498 dives.
710 1421 765 1496 At
781 1425 875 1498 enim
895 1421 1052 1498 Christus
1069 1420 1240 1520 sanguine

156 1521 228 1598 fuit
243 1523 346 1598 dives
365 1543 435 1617 pro
461 1523 549 1616 illo,
570 1523 681 1617 felices
705 1533 812 1624 itaque
831 1545 996 1620 pauperes,
1022 1529 1094 1621 quia
1115 1531 1239 1596 ruerunt

109 1632 121 1662 ·
160 1623 218 1722 ep,
258 1623 398 1716 inquit,
436 1647 563 1716 regnum
593 1623 753 1711 celorum,
795 1623 854 1716 qul
885 1625 1033 1698 animam
1060 1622 1172 1698 solam
1198 1623 1239 1719 in

159 1719 359 1798 confiscato
382 1723 529 1799 habent.
580 1719 618 1796 Si
641 1743 718 1797 non
740 1721 920 1818 possumus
938 1723 1021 1798 Deo
1040 1719 1176 1797 servire
1202 1725 1239 1798 dt

157 1844 391 1917 mammone,
417 1821 645 1920 possumus&
661 1845 681 1896 a
696 1823 780 1898 Deo
793 1824 920 1896 redimi
934 1825 968 1895 dt
986 1840 1247 1900 amanunona·

159 1921 253 2022 Quis
282 1923 375 1996 enirn
399 1923 509 2018 magis
547 1921 681 1997 serviet
712 1942 941 2016 mammone,
987 1943 1092 2016 quam
1127 1928 1236 2016 quenl
1298 1997 1304 2036 ι

157 2039 379 2094 mammonas
403 2021 587 2096 redemit?
623 2021 809 2098 Postremo
838 2041 911 2116 quo
931 2023 1097 2116 exemplo
1123 2023 1266 2102 uteris.

123 2211 126 2218 Ι
156 2117 195 2191 in
212 2118 496 2212 redemptionem
510 2120 738 2198 traditionis?
765 2119 932 2218 Apostoli
949 2119 1141 2196 tractantes
1157 2145 1243 2218 pere

21 2248 23 2262 =
52 2311 55 2320 Ι
157 2215 402 2293 secutionibus
421 2223 557 2318 agitati,
584 2221 726 2315 quando
740 2217 775 2295 se
793 2221 944 2318 pecunia
959 2221 1238 2298 liberaverunt?

1 2329 2 2336 ‘
39 2401 42 2410 Δ
96 2344 104 2364 r
159 2337 237 2412 quae
255 2320 324 2392 illis
342 2321 560 2414 utiquenon
587 2322 711 2396 deerat
731 2343 778 2396 ex
805 2321 1019 2418 praediorum
1038 2322 1169 2420 preciis
1187 2321 1238 2398 ad

93 2459 98 2484 f
157 2419 268 2514 pedes
286 2439 413 2494 eorum
429 2419 615 2517 depositis,
640 2433 740 2495 certe
757 2421 876 2495 multis
892 2421 1136 2516 locupletibus
1157 2443 1237 2498 crea
1299 2465 1300 2478 ι

158 2517 324 2592 dentibus
342 2521 429 2592 viris
446 2543 487 2594 rc
504 2521 659 2615 feminis,
688 2522 747 2613 qui
761 2521 814 2595 his
833 2521 938 2594 etiarn
954 2517 1138 2618 refrigeria
1154 2516 1236 2598 sub—
1296 2483 1300 2594 l

157 2616 413 2710 ministrabant.
467 2621 625 2717 Quando
655 2617 761 2694 Onefi
790 2621 900 2694 horus
925 2633 989 2692 aut
1013 2619 1148 2712 Aquila
1171 2635 1238 2698 aut

157 2712 358 2808 Stephanus
368 2719 621 2795 hocmodoeis
638 2720 675 2794 in
688 2643 938 2815 perlgcutione
951 2717 1235 2796 succurrerunt?

155 2809 286 2888 Paulus
304 2817 467 2912 quidem,
505 2839 585 2894 cum
603 2817 706 2895 Felix
727 2817 852 2916 praeses
870 2821 1038 2914 pecunias
1054 2839 1127 2892 -acc
1176 2834 1237 2894 tu·
1294 2897 1295 2900 t

88 2974 94 2995 ,,
155 2929 237 2988 rum
252 2911 286 2988 se
303 2935 372 3010 pro
389 2939 435 2990 eo
459 2915 668 3013 adiscipulis
683 2915 868 3016 speroiden,
894 2917 940 2992 de
963 2936 1036 3012 quo
1052 2917 1139 3014 &ip
1156 2943 1177 2996 e
1195 2921 1236 2998 iu
1293 2919 1295 2934 '

155 3009 298 3088 secreto
322 3015 491 3090 traftavit
513 3037 593 3094 cum
613 3015 717 3115 ipso,
749 3038 866 3110 neque
891 3015 964 3114 ipse
978 3037 1047 3114 pro
1068 3014 1132 3112 se,
1169 3041 1235 3096 ne·

157 3131 228 3204 que
246 3111 405 3210 discipuli
429 3135 496 3212 pro
517 3137 564 3191 eo
588 3135 887 3192 numeraverunt:
914 3117 967 3190 illi
986 3121 1113 3212 utique
1134 3117 1236 3194 disci-

155 3213 232 3304 puli
257 3216 317 3306 qui
338 3213 491 3303 flentcs,
517 3215 616 3310 quod
635 3235 754 3309 neque
772 3215 1060 3311 Hierosolymam
1079 3219 1236 3297 tendere
1283 3256 1288 3267 ·

156 3309 425 3411 perseveraret,
466 3316 500 3388 dt
531 3313 797 3416 persecutiones
823 3315 1028 3411 praedicatas
1054 3317 1128 3392 illic
1152 3337 1236 3396 non

156 3427 405 3510 praecaveret»,
431 3413 630 3509 postremo,
656 3417 843 3511 inquiunt,
871 3417 949 3491 llas
972 3419 1125 3489 voluutas
1153 3425 1238 3494 Dei:

58 3585 62 3594 ,
157 3512 252 3607 Qua
271 3512 335 3586 ista
358 3511 555 3588 voluntari
580 3515 706 3608 utique
727 3528 770 3589 ut
787 3527 974 3610 pateretur
992 3535 1061 3610 pro
1082 3519 1235 3594 nomine

94 3655 96 3662 ,
155 3607 314 3704 domini,
352 3631 430 3686 non
453 3625 495 3686 ut
523 3613 769 3691 redimeretur.
834 3613 998 3713 Oportet
1024 3617 1119 3692 enim
1142 3639 1235 3712 quo·

154 3708 267 3781 modo
283 3709 441 3786 Christus
456 3713 605 3786 animam
623 3707 718 3788 suurn
734 3707 855 3808 postut
871 3733 942 3810 pro
955 3715 1077 3814 omiss
1103 3718 1154 3792 ita
1168 3713 1235 3794 fie-

154 3803 265 3899 ripro
282 3829 329 3883 eo
346 3811 416 3884 &a
433 3812 560 3896 nobis:
584 3825 655 3888 trec
670 3827 811 3891 tantum
824 3832 896 3910 pro
911 3809 1004 3912 ipso,
1029 3815 1106 3905 imo
1122 3819 1242 3911 etiarn
