2608 4338
181 207 438 266 novrrrur
461 181 792 270 Mancrorrrrr‘.
820 182 919 268 L'rn.
939 189 993 268 V.
1059 215 1130 290 548

58 365 257 444 utrnmque
276 351 466 446 ordinem,
499 351 732 426 desrnentium
752 349 883 428 exinde
904 367 1072 431 veterum
1097 358 1132 430 dt
1165 413 1176 434 ,

59 451 312 546 incipientium
346 473 558 528 novorum:
593 451 786 526 necessarie
811 453 844 526 dt
869 452 1069 545 Apostolus
1094 457 1132 530 in

22 604 25 622 .
60 549 210 626 Christo
230 552 312 645 post
330 551 501 638 loannem
520 554 707 644 revelato,
733 565 860 626 vetera
873 551 1046 644 infirmat,
1065 577 1132 628 no·
1204 551 1207 564 '

61 671 111 726 va
131 671 224 724 vero
246 630 455 724 confirmat:
481 668 588 744 atque
611 651 661 726 ita
680 673 756 723 non
775 654 918 724 alterius
933 653 1006 726 Dei
1022 649 1131 728 fidem

60 765 191 844 curet,
218 771 322 842 qnam
346 752 543 844 creatoris,
576 751 668 846 apud
694 773 798 844 quern
821 753 999 826 &vetera
1015 751 1132 826 deces-

59 849 144 924 slrra
169 851 464 944 predicabantur.
515 849 627 946 Igitur
659 851 694 924 δι
725 851 811 948 legis
846 850 1063 946 destrudiio,
1096 851 1131 928 dt
1178 911 1181 919 .

59 945 254 1046 Evangelii
271 945 480 1043 edificatio,
506 973 573 1044 pro
595 973 652 1024 me
667 952 827 1046 faciunt,
853 953 890 1024 in
903 951 966 1026 ista
984 972 1131 1046 quoque
1219 1041 1224 1050 ‚

59 1046 235 1144 epistola,
262 1049 305 1123 ad
322 1071 403 1122 eam
424 1049 628 1124 Galatarum
649 1049 934 1144 presumtionem
949 1053 1130 1146 pertinen·

58 1162 150 1243 tes,
185 1171 253 1240 qua
280 1147 536 1242 presumebant
556 1148 758 1242 Christum,
799 1165 928 1243 utputa
954 1152 1130 1226 creatoris

59 1245 182 1346 (salva
197 1251 370 1321 creatoris
390 1249 489 1347 lege)
511 1249 744 1322 credendum:
770 1252 868 1342 quod
888 1249 1002 1325 adhuc
1016 1254 1130 1326 incre·

57 1347 172 1421 dibile
188 1350 372 1422 videretur
391 1351 506 1446 legem
523 1371 543 1429 a
559 1345 623 1422 suo
642 1364 769 1422 autore
791 1349 935 1444 deponi.
984 1349 1128 1446 Porro,

58 1449 85 1524 fi
103 1449 259 1522 omnino
280 1449 385 1522 alium
402 1445 520 1526 Deum
539 1449 582 1520 ab
604 1444 786 1542 Apostolo
810 1449 1000 1544 audissent,
1028 1451 1128 1524 ultro

58 1547 187 1640 utique
207 1543 346 1620 scissent
366 1547 621 1622 abscedendum
636 1549 698 1624 sabi
720 1545 789 1622 else
809 1551 923 1648 alege
940 1551 1014 1644 eius
1031 1549 1127 1644 Dei,

59 1667 168 1751 quem
181 1647 419 1740 reliquissent,
446 1649 550 1722 alium
567 1647 689 1722 secuti.
739 1649 830 1748 Quis
846 1654 937 1724 enirn
953 1646 1130 1746 exspeslass

57 1761 116 1820 tet
133 1747 265 1820 diutius
285 1743 440 1839 discere,
468 1747 566 1840 quod
583 1766 719 1822 novam
737 1747 884 1820 deberet
896 1747 1014 1822 sedari
1030 1747 1129 1822 <lisera

11 1927 12 1930 p
59 1847 217 1943 plinam,
250 1847 468 1937 quinorum
489 1845 610 1920 Deum
624 1845 839 1938 recepisset?
870 1847 950 1924 Imo
972 1849 1054 1940 quia
1073 1869 1129 1922 ea·
1238 1893 1241 1904 ·

58 1947 142 2022 dem
156 1943 298 2037 quidem
315 1945 482 2020 divinitas
498 1945 755 2038 predicabatur
767 1950 803 2020 in
816 1949 1027 2043 evangelio,
1050 1967 1129 2042 que
1204 1984 1211 2011 ι
1232 1989 1237 2000 ·

59 2044 197 2139 semper
217 2057 307 2117 nota
330 2045 449 2120 fuerat
469 2045 506 2118 in
522 2047 630 2140 lege,
666 2043 843 2140 disciplina
862 2067 955 2120 vero
975 2069 1051 2122 non
1070 2067 1128 2122 ear·

59 2143 159 2218 dem:
185 2143 245 2218 hic
263 2159 340 2218 erat
355 2159 456 2218 totus
474 2143 675 2238 quaestionis
693 2147 823 2234 status,
852 2169 895 2218 an
910 2149 969 2220 lex
987 2161 1127 2220 creato·
1243 2172 1261 2191 ··

57 2247 106 2317 rie
125 2247 170 2316 ab
185 2245 374 2346 evangelio
386 2243 535 2320 deberet
550 2243 711 2336 excludi,
736 2245 773 2316 in
787 2241 930 2317 Christo
941 2245 1128 2324 creatoris}

58 2343 230 2434 Denique
242 2343 340 2416 auser
352 2345 448 2418 huuc
461 2342 607 2434 statum,
634 2341 787 2414 &vacat
801 2342 958 2434 questio.
984 2344 1128 2418 Vacana

58 2457 96 2515 te
118 2456 237 2516 autem
263 2439 483 2536 questione,
521 2445 619 2514 ultro
641 2441 805 2514 omnibus
831 2441 1127 2538 agnoscentibus,

57 2541 310 2616 discedendum
332 2541 396 2616 fibi
418 2539 487 2618 esse
510 2541 553 2616 ab
582 2541 709 2614 ordine
734 2541 906 2618 creatoris
928 2563 993 2635 per
1018 2540 1128 2620 fidem

56 2641 131 2721 Dei
147 2643 312 2716 alterius:
338 2643 435 2718 nulla
456 2639 803 2743 Apostolo'meteria
819 2639 1062 2736 competisset,
1090 2643 1128 2718 id

58 2755 131 2818 tam
150 2741 264 2836 presse
288 2741 472 2838 docendi,
508 2742 606 2834 quod
628 2743 725 2814 ultro
750 2735 839 2814 fides
862 2739 935 2834 ipsa
957 2741 1125 2820 distasset.

55 2841 171 2939 lgitur
186 2855 266 2916 tota
284 2841 442 2916 intentio
465 2839 621 2938 epistole
642 2837 738 2914 istius
762 2839 850 2916 nihil
874 2842 969 2916 aliud
993 2841 1125 2936 docet,

57 2963 163 3036 quam
183 2943 270 3038 legis
294 2941 547 3035 deceffionem,
573 2941 782 3016 venientem
803 2939 847 3014 de
870 2944 1043 3016 creatoris
1062 2941 1126 3016 dis-

56 3041 260 3136 positione,
285 3055 328 3114 ut
345 3041 459 3116 adhuc
477 3037 710 3138 suggeremus.
763 3039 800 3112 Si
812 3043 898 3116 item
909 3043 1041 3119 nullius
1059 3063 1125 3124 np-

55 3139 94 3214 vi
113 3139 185 3214 Dei
214 3143 329 3217 exerit
349 3142 594 3231 mentionem,
627 3139 726 3232 quod
752 3137 920 3234 nusquam
943 3142 1052 3237 magis
1073 3141 1125 3216 se.

55 3237 183 3333 uitet,
206 3261 309 3334 quam
328 3239 366 3314 in
383 3237 447 3314 ista
461 3241 630 3333 materia,
656 3251 698 3311 ut
715 3241 893 3316 rationem
915 3238 1050 3312 scilicet
1065 3241 1127 3314 ab·

54 3338 216 3438 legende
231 3340 342 3438 legis,
370 3341 477 3416 unica
493 3341 560 3416 bac
577 3334 899 3416 &sufficientissima
914 3335 1126 3416 definitione
1144 3432 1146 3441 Ι

53 3452 285 3536 proponeret
302 3459 412 3514 novae
430 3439 650 3516 divinitatis:
676 3453 825 3537 apparet
838 3427 1028 3532 quomodd
1043 3437 1125 3514 scri.

53 3545 138 3616 bat:
164 3547 264 3613 miror
281 3563 336 3612 ors
356 3557 422 3613 tam
436 3547 498 3613 cito
521 3539 751 3631 reauferret
769 3563 824 3634 eo,
848 3545 975 3638 quivos
993 3547 1126 3615 amavit

53 3647 92 3714 b»
117 3647 283 3736 gratiam,
312 3641 354 3712 ad
389 3641 476 3712 uliud
510 3639 743 3732 Evmgelium3
768 3659 814 3714 ex
847 3633 1125 3718 conversatione

46 3741 171 3835 eliud,
195 3761 274 3815 non
289 3760 335 3814 ex
360 3739 557 3840 religione3
584 3758 631 3814 ex
648 3737 850 3835 disciplina,
876 3759 952 3814 non
971 3761 1015 3816 ex
1033 3741 1125 3816 divi·
1211 3799 1214 3810 .

51 3843 178 3921 ritate.
239 3843 421 3944 Quoniam
446 3841 590 3939 quidem
610 3839 837 3942 evangelium
861 3837 987 3928 Christi
1007 3842 1125 3940 alege

117 3989 125 4003 ·
226 4013 232 4022 ,
276 3989 280 3998 =
939 3958 1072 4014 evoca·
