2616 4336
151 219 224 298 140
299 205 347 302 Q.
372 199 509 277 Srrr.
534 197 678 278 Fron:
704 199 1073 308 Trnruttrnrar

101 385 107 394 ·
150 385 229 440 earn
255 363 471 459 diligentiam
489 361 675 459 deseratis,
716 383 834 456 neque
856 363 1113 438 confellionem
1133 355 1270 440 rcci·'

148 464 284 562 piendo
308 463 549 557 judicantibus
573 461 709 557 semper
726 464 979 556 laborandam,
1020 483 1138 556 neque
1164 481 1259 540 ern.

149 565 377 658 quisrtionem
406 563 601 660 digerendo
637 564 904 638 damnatoribus
933 563 1070 658 semper
1098 563 1231 638 consu-

17 659 18 668 '
147 663 316 756 rendam,
341 664 413 756 jam
434 680 603 757 apparet,
643 685 753 738 omne
775 665 812 736 in
828 685 901 736 nos
913 665 1047 738 crimen
1070 685 1147 736 non
1164 665 1229 740 ali·

64 765 69 772 ’
150 763 252 856 cujus
269 761 410 836 sceleris
424 762 483 835 scd
498 763 652 838 nominis
672 763 783 862 dirigi.
834 761 963 856 Adeo,
998 761 1086 838 side
1109 763 1229 842 critiri·

147 885 238 944 num
252 864 409 934 veritate
428 861 630 954 constaret,
663 861 736 958 ipsa
754 863 939 938 criminum
960 865 1107 937 nomina
1129 863 1228 937 dam·

126 1029 129 1038 .
147 965 241 1038 natis
258 962 595 1057 accommodarent,
620 977 664 1036 ut
680 965 733 1038 ita
751 963 1046 1058 pronuntiaretur
1062 962 1101 1035 in
1125 984 1195 1035 nos
1214 1018 1230 1058 ,

146 1064 249 1142 illum
264 1061 501 1156 homicidam,
527 1065 589 1138 vel
607 1063 798 1158 incestum,
832 1064 894 1136 vel
911 1062 1151 1156 quodcunque
1172 1063 1227 1155 ja·

147 1161 305 1255 diamur,
331 1162 437 1254 duci,
457 1161 585 1260 suffigi,
611 1163 656 1237 ad
667 1162 794 1238 bestias
809 1163 884 1236 dari
899 1163 1029 1258 placet.
1080 1161 1224 1256 Porro,

146 1261 333 1336 sententiae
353 1261 481 1334 vestrae
496 1263 584 1338 nihil
600 1263 663 1337 nifi
677 1262 912 1337 Christianum
924 1259 1134 1352 ,confeffum
1156 1283 1226 1334 no·

145 1375 238 1436 tant.
264 1362 401 1434 nullum
416 1361 570 1436 criminis
585 1381 721 1438 nomen
740 1361 876 1456 exstat,
902 1363 964 1436 nisr
983 1363 1139 1436 nominis
1157 1363 1226 1435 cri·
1267 1440 1272 1448 ,

23 1511 26 1522 ·
145 1464 232 1540 men
259 1460 321 1534 est.
378 1459 468 1534 Haec
501 1464 632 1537 etenim
660 1463 711 1537 est
736 1483 867 1536 revera
889 1464 983 1536 ratio
1006 1461 1120 1534 totius
1148 1461 1225 1536 odii

145 1557 316 1634 adversus
335 1581 416 1637 nos.
466 1559 615 1636 Nomen
629 1565 671 1660 ,in
697 1559 811 1636 cauffa
832 1563 905 1658 est,
939 1561 1039 1654 quod
1063 1561 1225 1654 quedam

146 1661 296 1734 occulta
316 1661 373 1733 vis
402 1681 467 1755 per
483 1661 646 1738 'vestram
672 1661 909 1760 ignorantiam
937 1673 1144 1757 oppugnat,
1179 1677 1224 1734 ut

143 1761 272 1836 nolitis
291 1759 379 1834 scire
401 1782 470 1854 pro
487 1778 620 1856 certo,
656 1763 755 1856 quod
772 1783 843 1836 vos
865 1781 935 1856 pro
959 1771 1063 1834 certo
1086 1759 1223 1834 nescire

145 1861 239 1936 certi
259 1859 360 1954 estis,
396 1861 531 1937 &ideo
552 1885 621 1937 nec
642 1863 787 1936 creditis
811 1883 888 1954 que
902 1883 978 1934 non
996 1862 1222 1956 probantur,

17 2053 18 2056 Ν
146 1959 207 2054 dr,
258 1980 304 2033 ne
332 1961 536 2052 probentur
555 1963 682 2056 facile,
718 1982 796 2036 non
808 1962 928 2038 ,vultis
949 1956 1149 2054 inquirere,
1178 1973 1224 2033 ut

17 2107 20 2154 ἰ
144 2079 282 2136 nomen
306 2059 491 2134 inimicum
520 2061 582 2134 sub
600 2060 875 2158 presumptione
895 2059 1081 2134 criminum
1097 2061 1222 2154 punia-

145 2176 232 2233 turt
257 2159 385 2253 adeo,
419 2173 462 2233 ut
482 2161 529 2235 de
550 2163 698 2236 nomine
718 2161 866 2236 inimico
890 2161 1102 2256 recedatur,
1135 2157 1222 2234 ideo

144 2279 280 2358 negare
290 2261 553 2355 compellimur,
580 2261 710 2336 dehinc
723 2273 894 2358 negantes
907 2260 1124 2355 liberamur,
1139 2261 1223 2332 tota'

144 2359 360 2454 impunitate
377 2364 664 2454 preteritorum:
695 2363 863 2456 jamnon
884 2360 1052 2454 cruenti,
1101 2381 1222 2456 neque

143 2459 294 2552 incesti,
322 2459 404 2558 quia
415 2483 549 2536 nomen
565 2462 653 2540 illud
673 2461 856 2538 amisimus.
908 2459 1005 2554 Sed,
1041 2459 1123 2536 dum
1143 2459 1222 2534 hac

144 2562 242 2634 ratio
266 2559 330 2632 suo
357 2561 445 2633 loro
472 2561 693 2657 ostenditur,
725 2583 795 2634 vos
816 2582 921 2654 quarn
940 2557 1161 2651 insequimini
1176 2557 1223 2632 ad

143 2659 452 2754 expugnationem
478 2662 655 2756 nominis,
690 2661 805 2736 edite:
847 2659 947 2754 quod
969 2660 1122 2734 nominis
1154 2659 1222 2730 cri:
1283 2723 1286 2739 ,

142 2757 257 2836 rnen?
296 2779 373 2850 quse
398 2759 559 2834 offensa?
593 2784 669 2855 quae
700 2759 831 2855 culpa‘i
868 2758 1105 2834 Praeicribitur
1126 2759 1249 2860 enim-

145 2857 280 2952 vobis,
305 2879 382 2930 non
400 2856 500 2954 poil‘e
521 2861 670 2934 crimina
686 2861 867 2953 objicere,
895 2881 972 2951 quae
993 2879 1110 2952 neque
1125 2856 1222 2932 insti-

144 2966 267 3031 tutum
289 2955 428 3053 dirigit,
463 2979 581 3052 neque
601 2963 772 3059 probatio
800 2959 980 3056 adfignat,
1012 2979 1128 3050 neque
1145 2955 1221 3031 ien-

141 3058 263 3132 tentia
281 3073 476 3135 enumerat.
527 3060 641 3160 Quod
668 3058 803 3154 praesrdi
827 3059 1024 3151 offeratur,
1059 3057 1158 3150 quod
1174 3057 1224 3160 de

144 3179 213 3234 reo
230 3159 449 3256 inquiratur,
475 3160 575 3252 quod
589 3159 827 3254 respondetur
842 3161 905 3232 vel
919 3169 1090 3254 negatur,
1119 3158 1220 3248 quod

145 3259 194 3334 de
218 3259 367 3333 consilio
391 3261 587 3354 recitatur,
619 3262 656 3333 id
678 3281 780 3334 reum
802 3257 969 3358 agnosco.
1020 3257 1146 3350 ltaque
1173 3258 1221 3331 de

144 3359 303 3434 nominis
319 3362 471 3452 merito,
504 3361 529 3434 fi
555 3360 616 3452 qui
639 3375 759 3434 reatus
785 3361 836 3434 est
861 3357 1068 3448 nominum,
1097 3357 1123 3430 s1
1149 3378 1221 3448 qua

146 3455 327 3532 aectrsatio
355 3461 650 3552 vocabulorum,
692 3481 761 3556 ego
796 3461 952 3532 arbitror
980 3458 1110 3530 nullam
1149 3453 1220 3530 elle

144 3559 333 3633 vocabulo
350 3571 411 3632 aut
423 3559 558 3632 nomini
571 3561 774 3651 querelam,
797 3562 859 3634 nist
871 3579 952 3630 cum
968 3555 1052 3648 quid
1069 3557 1222 3628 autber-

139 3659 273 3732 ‘barum
298 3659 421 3753 sonat,
447 3673 509 3731 aut
532 3659 722 3734 infaustum
745 3657 853 3752 sapit,
887 3657 948 3730 vel
973 3655 1219 3752 impudicum,

146 3758 210 3827 vel
225 3758 328 3830 aliter
342 3779 447 3854 quam
467 3759 718 3832 enunciantcm
735 3759 898 3833 deletlet.
949 3755 1038 3828 Haec
1054 3756 1220 3828 vocabu·
1289 3813 1290 3818 ,

145 3857 266 3934 lorum
287 3873 348 3936 aut
364 3859 551 3967 norninum
572 3859 741 3956 crimina,
771 3859 872 3938 ficuri
890 3857 1089 4033 verborpm
1109 3869 1220 3947 atque

580 4009 583 4020 r
1051 3975 1166 4032 ermo·
