<?xml version="1.0" encoding="UTF-8"?>
<!DOCTYPE html PUBLIC "-//W3C//DTD XHTML 1.0 Transitional//EN"
    "http://www.w3.org/TR/xhtml1/DTD/xhtml1-transitional.dtd">
<html xmlns="http://www.w3.org/1999/xhtml" xml:lang="en" lang="en">
 <head>
  <title>
</title>
<meta http-equiv="Content-Type" content="text/html;charset=utf-8" />
  <meta name='ocr-system' content='tesseract 3.04.00' />
  <meta name='ocr-capabilities' content='ocr_page ocr_carea ocr_par ocr_line ocrx_word'/>
</head>
<body>
  <div class='ocr_page' id='page_1' title='image "./operaomnia01tertgoog/operaomnia01tertgoog_0107.png"; bbox 0 0 2572 4332; ppageno 0'>
   <div class='ocr_carea' id='block_1_1' title="bbox 78 153 1098 262">
    <p class='ocr_par' dir='ltr' id='par_1_1' title="bbox 78 153 1098 262">
     <span class='ocr_line' id='line_1_1' title="bbox 78 153 1098 262; baseline -0.003 -23"><span class='ocrx_word' id='word_1_1' title='bbox 78 153 486 245; x_wconf 69' lang='lat' dir='ltr'><strong>Anonooarraos</strong></span> <span class='ocrx_word' id='word_1_2' title='bbox 511 179 772 238; x_wconf 66' lang='lat' dir='ltr'><strong>abversus</strong></span> <span class='ocrx_word' id='word_1_3' title='bbox 794 179 998 239; x_wconf 76' lang='lat' dir='ltr'><strong>narras.</strong></span> <span class='ocrx_word' id='word_1_4' title='bbox 1044 165 1098 262; x_wconf 73' lang='grc'><strong>,69</strong></span> 
     </span>
    </p>
   </div>
   <div class='ocr_carea' id='block_1_2' title="bbox 18 316 1268 4016">
    <p class='ocr_par' dir='ltr' id='par_1_2' title="bbox 31 316 1231 816">
     <span class='ocr_line' id='line_1_2' title="bbox 36 316 1231 417; baseline 0.002 -21"><span class='ocrx_word' id='word_1_5' title='bbox 36 321 122 396; x_wconf 76' lang='lat' dir='ltr'><strong>dvis</strong></span> <span class='ocrx_word' id='word_1_6' title='bbox 132 316 289 396; x_wconf 83' lang='lat' dir='ltr'><strong>fideliter</strong></span> <span class='ocrx_word' id='word_1_7' title='bbox 299 319 371 416; x_wconf 83' lang='lat' dir='ltr'><strong>legi</strong></span> <span class='ocrx_word' id='word_1_8' title='bbox 387 317 615 414; x_wconf 80' lang='lat' dir='ltr'><strong>obsequitur,</strong></span> <span class='ocrx_word' id='word_1_9' title='bbox 635 321 804 417; x_wconf 83' lang='lat' dir='ltr'><strong>ignorans</strong></span> <span class='ocrx_word' id='word_1_10' title='bbox 819 321 924 413; x_wconf 90' lang='lat' dir='ltr'><strong>quale</strong></span> <span class='ocrx_word' id='word_1_11' title='bbox 936 321 979 395; x_wconf 86' lang='lat' dir='ltr'><strong>fit</strong></span> <span class='ocrx_word' id='word_1_12' title='bbox 997 323 1097 416; x_wconf 88' lang='lat' dir='ltr'><strong>quod</strong></span> <span class='ocrx_word' id='word_1_13' title='bbox 1226 345 1231 350; x_wconf 91' lang='lat'>·</span> 
     </span>
     <span class='ocr_line' id='line_1_3' title="bbox 36 417 1099 518; baseline 0.002 -22"><span class='ocrx_word' id='word_1_14' title='bbox 36 418 222 496; x_wconf 69' lang='lat' dir='ltr'><strong>deretur.</strong></span> <span class='ocrx_word' id='word_1_15' title='bbox 286 419 399 494; x_wconf 90' lang='lat' dir='ltr'><strong>Nulla</strong></span> <span class='ocrx_word' id='word_1_16' title='bbox 421 421 482 494; x_wconf 84' lang='lat' dir='ltr'><strong>lex</strong></span> <span class='ocrx_word' id='word_1_17' title='bbox 506 421 568 498; x_wconf 85' lang='lat' dir='ltr'><strong>fibi</strong></span> <span class='ocrx_word' id='word_1_18' title='bbox 591 417 656 518; x_wconf 87' lang='lat' dir='ltr'><strong>soli</strong></span> <span class='ocrx_word' id='word_1_19' title='bbox 680 419 935 498; x_wconf 82' lang='lat' dir='ltr'>conscientiam</span> <span class='ocrx_word' id='word_1_20' title='bbox 956 421 1099 516; x_wconf 78' lang='lat' dir='ltr'><strong>justitia</strong></span> 
     </span>
     <span class='ocr_line' id='line_1_4' title="bbox 34 515 1097 614; baseline 0.001 -19"><span class='ocrx_word' id='word_1_21' title='bbox 34 515 97 596; x_wconf 79' lang='lat' dir='ltr'><strong>sue</strong></span> <span class='ocrx_word' id='word_1_22' title='bbox 112 519 243 612; x_wconf 89' lang='lat' dir='ltr'><strong>debet,</strong></span> <span class='ocrx_word' id='word_1_23' title='bbox 270 517 330 593; x_wconf 87' lang='lat' dir='ltr'><strong>sed</strong></span> <span class='ocrx_word' id='word_1_24' title='bbox 345 520 396 596; x_wconf 87' lang='lat' dir='ltr'><strong>eis</strong></span> <span class='ocrx_word' id='word_1_25' title='bbox 415 519 576 614; x_wconf 81' lang='lat' dir='ltr'><strong>aqrnbus</strong></span> <span class='ocrx_word' id='word_1_26' title='bbox 592 519 800 613; x_wconf 82' lang='lat' dir='ltr'>obsequium</span> <span class='ocrx_word' id='word_1_27' title='bbox 815 519 1003 614; x_wconf 78' lang='lat' dir='ltr'><strong>exspeilat</strong></span> <span class='ocrx_word' id='word_1_28' title='bbox 1031 519 1097 596; x_wconf 89' lang='lat' dir='ltr'><strong>Ce-</strong></span> 
     </span>
     <span class='ocr_line' id='line_1_5' title="bbox 33 615 1097 715; baseline 0 -21"><span class='ocrx_word' id='word_1_29' title='bbox 33 631 148 694; x_wconf 84' lang='lat' dir='ltr'><strong>terum</strong></span> <span class='ocrx_word' id='word_1_30' title='bbox 159 615 311 712; x_wconf 70' lang='lat' dir='ltr'><strong>suspetia</strong></span> <span class='ocrx_word' id='word_1_31' title='bbox 327 619 387 692; x_wconf 80' lang='lat' dir='ltr'><strong>lex</strong></span> <span class='ocrx_word' id='word_1_32' title='bbox 407 617 478 714; x_wconf 88' lang='lat' dir='ltr'><strong>est,</strong></span> <span class='ocrx_word' id='word_1_33' title='bbox 505 641 581 712; x_wconf 82' lang='lat' dir='ltr'><strong>quae</strong></span> <span class='ocrx_word' id='word_1_34' title='bbox 598 619 745 714; x_wconf 86' lang='lat' dir='ltr'><strong>probari</strong></span> <span class='ocrx_word' id='word_1_35' title='bbox 759 618 793 694; x_wconf 88' lang='lat' dir='ltr'><strong>se</strong></span> <span class='ocrx_word' id='word_1_36' title='bbox 810 639 889 696; x_wconf 88' lang='lat' dir='ltr'><strong>non</strong></span> <span class='ocrx_word' id='word_1_37' title='bbox 904 622 1008 715; x_wconf 89' lang='lat' dir='ltr'><strong>vult,</strong></span> <span class='ocrx_word' id='word_1_38' title='bbox 1034 621 1097 702; x_wconf 79' lang='lat' dir='ltr'><strong>im-</strong></span> 
     </span>
     <span class='ocr_line' id='line_1_6' title="bbox 31 717 996 816; baseline 0 -24"><span class='ocrx_word' id='word_1_39' title='bbox 31 721 147 816; x_wconf 81' lang='lat' dir='ltr'><strong>proba</strong></span> <span class='ocrx_word' id='word_1_40' title='bbox 158 731 306 810; x_wconf 84' lang='lat' dir='ltr'><strong>autem,</strong></span> <span class='ocrx_word' id='word_1_41' title='bbox 328 717 353 792; x_wconf 91' lang='lat' dir='ltr'><strong>sr</strong></span> <span class='ocrx_word' id='word_1_42' title='bbox 375 739 452 794; x_wconf 76' lang='lat' dir='ltr'><strong>mn</strong></span> <span class='ocrx_word' id='word_1_43' title='bbox 465 721 620 814; x_wconf 85' lang='lat' dir='ltr'><strong>probata</strong></span> <span class='ocrx_word' id='word_1_44' title='bbox 637 720 853 795; x_wconf 82' lang='lat' dir='ltr'><strong>dominetur.</strong></span> <span class='ocrx_word' id='word_1_45' title='bbox 990 800 996 814; x_wconf 74' lang='lat'><strong>.</strong></span> 
     </span>
    </p>

    <p class='ocr_par' dir='ltr' id='par_1_3' title="bbox 18 816 1268 3986">
     <span class='ocr_line' id='line_1_7' title="bbox 54 816 1138 916; baseline 0.002 -24"><span class='ocrx_word' id='word_1_46' title='bbox 54 823 136 908; x_wconf 85' lang='grc' dir='ltr'><strong><em>·’ς.</em></strong></span> <span class='ocrx_word' id='word_1_47' title='bbox 162 816 217 892; x_wconf 91' lang='lat' dir='ltr'><strong>Ut</strong></span> <span class='ocrx_word' id='word_1_48' title='bbox 232 817 277 892; x_wconf 88' lang='lat' dir='ltr'><strong>de</strong></span> <span class='ocrx_word' id='word_1_49' title='bbox 293 817 434 916; x_wconf 86' lang='lat' dir='ltr'><strong>origine</strong></span> <span class='ocrx_word' id='word_1_50' title='bbox 449 819 585 912; x_wconf 71' lang='lat' dir='ltr'><strong>‚aliquid</strong></span> <span class='ocrx_word' id='word_1_51' title='bbox 602 817 832 893; x_wconf 72' lang='lat' dir='ltr'><strong>tetrastemua</strong></span> <span class='ocrx_word' id='word_1_52' title='bbox 852 819 1027 912; x_wconf 85' lang='lat' dir='ltr'><strong>ejusmodi</strong></span> <span class='ocrx_word' id='word_1_53' title='bbox 1045 820 1096 894; x_wconf 89' lang='lat' dir='ltr'><strong>le·</strong></span> <span class='ocrx_word' id='word_1_54' title='bbox 1136 903 1138 906; x_wconf 56' lang='grc'>,</span> 
     </span>
     <span class='ocr_line' id='line_1_8' title="bbox 23 917 1118 1015; baseline -0.001 -22"><span class='ocrx_word' id='word_1_55' title='bbox 23 937 134 1015; x_wconf 72' lang='lat' dir='ltr'><strong>gum,</strong></span> <span class='ocrx_word' id='word_1_56' title='bbox 156 927 263 992; x_wconf 86' lang='lat' dir='ltr'><strong>vetus</strong></span> <span class='ocrx_word' id='word_1_57' title='bbox 281 930 359 990; x_wconf 86' lang='lat' dir='ltr'><strong>erat</strong></span> <span class='ocrx_word' id='word_1_58' title='bbox 377 917 579 1011; x_wconf 89' lang='lat' dir='ltr'><strong>decretum,</strong></span> <span class='ocrx_word' id='word_1_59' title='bbox 607 939 653 992; x_wconf 90' lang='lat' dir='ltr'><strong>ne</strong></span> <span class='ocrx_word' id='word_1_60' title='bbox 669 920 728 1010; x_wconf 89' lang='lat' dir='ltr'><strong>qui</strong></span> <span class='ocrx_word' id='word_1_61' title='bbox 748 919 834 994; x_wconf 86' lang='lat' dir='ltr'><strong>deus</strong></span> <span class='ocrx_word' id='word_1_62' title='bbox 847 921 889 994; x_wconf 88' lang='lat' dir='ltr'><strong>ab</strong></span> <span class='ocrx_word' id='word_1_63' title='bbox 904 920 1096 1015; x_wconf 76' lang='lat' dir='ltr'><strong>imperato</strong></span> <span class='ocrx_word' id='word_1_64' title='bbox 1114 927 1118 934; x_wconf 83' lang='lat'>&#39;</span> 
     </span>
     <span class='ocr_line' id='line_1_9' title="bbox 28 1013 1096 1112; baseline 0.002 -24"><span class='ocrx_word' id='word_1_65' title='bbox 28 1015 369 1110; x_wconf 62' lang='lat' dir='ltr'><strong>reconsecratum,</strong></span> <span class='ocrx_word' id='word_1_66' title='bbox 395 1016 620 1096; x_wconf 85' lang='lat' dir='ltr'><strong>nifiasenatu</strong></span> <span class='ocrx_word' id='word_1_67' title='bbox 630 1019 827 1112; x_wconf 57' lang='lat' dir='ltr'><strong>probatum</strong></span> <span class='ocrx_word' id='word_1_68' title='bbox 849 1031 893 1092; x_wconf 88' lang='lat' dir='ltr'><strong>ut</strong></span> <span class='ocrx_word' id='word_1_69' title='bbox 906 1017 961 1094; x_wconf 89' lang='lat' dir='ltr'><strong>M.</strong></span> <span class='ocrx_word' id='word_1_70' title='bbox 974 1013 1096 1092; x_wconf 80' lang='lat' dir='ltr'><strong>Aemi·</strong></span> 
     </span>
     <span class='ocr_line' id='line_1_10' title="bbox 29 1113 1268 1216; baseline 0.006 -28"><span class='ocrx_word' id='word_1_71' title='bbox 29 1115 94 1208; x_wconf 83' lang='lat' dir='ltr'><strong>lius</strong></span> <span class='ocrx_word' id='word_1_72' title='bbox 121 1116 168 1190; x_wconf 87' lang='lat' dir='ltr'><strong>de</strong></span> <span class='ocrx_word' id='word_1_73' title='bbox 191 1116 263 1193; x_wconf 85' lang='lat' dir='ltr'><strong>deo</strong></span> <span class='ocrx_word' id='word_1_74' title='bbox 282 1115 344 1190; x_wconf 93' lang='lat' dir='ltr'><strong>suo</strong></span> <span class='ocrx_word' id='word_1_75' title='bbox 363 1113 543 1192; x_wconf 84' lang='lat' dir='ltr'><strong>Alburno.</strong></span> <span class='ocrx_word' id='word_1_76' title='bbox 593 1115 695 1192; x_wconf 85' lang='lat' dir='ltr'><strong>Facit</strong></span> <span class='ocrx_word' id='word_1_77' title='bbox 719 1117 754 1204; x_wconf 76' lang='lat' dir='ltr'><strong>dt</strong></span> <span class='ocrx_word' id='word_1_78' title='bbox 777 1117 852 1194; x_wconf 92' lang='lat' dir='ltr'><strong>hoc</strong></span> <span class='ocrx_word' id='word_1_79' title='bbox 876 1117 920 1192; x_wconf 91' lang='lat' dir='ltr'><strong>ad</strong></span> <span class='ocrx_word' id='word_1_80' title='bbox 945 1117 1096 1194; x_wconf 79' lang='lat' dir='ltr'><strong>causs&#39;arn</strong></span> <span class='ocrx_word' id='word_1_81' title='bbox 1267 1189 1268 1216; x_wconf 64' lang='lat'><strong>,</strong></span> 
     </span>
     <span class='ocr_line' id='line_1_11' title="bbox 29 1213 1268 1312; baseline 0.005 -22"><span class='ocrx_word' id='word_1_82' title='bbox 29 1213 212 1308; x_wconf 86' lang='lat' dir='ltr'><strong>nostram,</strong></span> <span class='ocrx_word' id='word_1_83' title='bbox 250 1215 350 1308; x_wconf 90' lang='lat' dir='ltr'><strong>quod</strong></span> <span class='ocrx_word' id='word_1_84' title='bbox 371 1217 463 1312; x_wconf 88' lang='lat' dir='ltr'><strong>apud</strong></span> <span class='ocrx_word' id='word_1_85' title='bbox 481 1236 551 1291; x_wconf 89' lang='lat' dir='ltr'><strong>vos</strong></span> <span class='ocrx_word' id='word_1_86' title='bbox 571 1217 616 1292; x_wconf 93' lang='lat' dir='ltr'><strong>de</strong></span> <span class='ocrx_word' id='word_1_87' title='bbox 630 1217 787 1291; x_wconf 88' lang='lat' dir='ltr'><strong>hnmano</strong></span> <span class='ocrx_word' id='word_1_88' title='bbox 811 1216 985 1292; x_wconf 87' lang='lat' dir='ltr'><strong>arbitratu</strong></span> <span class='ocrx_word' id='word_1_89' title='bbox 1006 1217 1141 1296; x_wconf 70' lang='lat' dir='ltr'><strong>divi.</strong></span> <span class='ocrx_word' id='word_1_90' title='bbox 1203 1238 1206 1242; x_wconf 81' lang='grc'><strong>’</strong></span> <span class='ocrx_word' id='word_1_91' title='bbox 1267 1217 1268 1304; x_wconf 69' lang='grc' dir='ltr'>ἶ</span> 
     </span>
     <span class='ocr_line' id='line_1_12' title="bbox 18 1285 1268 1411; baseline -0.005 -21"><span class='ocrx_word' id='word_1_92' title='bbox 18 1285 120 1396; x_wconf 68' lang='lat' dir='ltr'><strong>liin</strong></span> <span class='ocrx_word' id='word_1_93' title='bbox 141 1315 346 1410; x_wconf 76' lang='lat' dir='ltr'><strong>pensitatur.</strong></span> <span class='ocrx_word' id='word_1_94' title='bbox 410 1315 486 1391; x_wconf 92' lang='lat' dir='ltr'><strong>Nisr</strong></span> <span class='ocrx_word' id='word_1_95' title='bbox 505 1317 642 1392; x_wconf 87' lang='lat' dir='ltr'><strong>homini</strong></span> <span class='ocrx_word' id='word_1_96' title='bbox 661 1315 748 1390; x_wconf 83' lang='lat' dir='ltr'><strong>deus</strong></span> <span class='ocrx_word' id='word_1_97' title='bbox 769 1316 972 1410; x_wconf 78' lang='lat' dir='ltr'><strong>placuerit,</strong></span> <span class='ocrx_word' id='word_1_98' title='bbox 1007 1317 1124 1411; x_wconf 60' lang='lat' dir='ltr'><strong>deur,</strong></span> <span class='ocrx_word' id='word_1_99' title='bbox 1267 1323 1268 1384; x_wconf 81' lang='grc' dir='ltr'><strong><em>ἲ</em></strong></span> 
     </span>
     <span class='ocr_line' id='line_1_13' title="bbox 28 1412 1192 1597; baseline 0.003 -109"><span class='ocrx_word' id='word_1_100' title='bbox 28 1436 104 1489; x_wconf 90' lang='lat' dir='ltr'><strong>non</strong></span> <span class='ocrx_word' id='word_1_101' title='bbox 124 1417 213 1507; x_wconf 88' lang='lat' dir='ltr'><strong>erit,</strong></span> <span class='ocrx_word' id='word_1_102' title='bbox 240 1416 352 1492; x_wconf 87' lang='lat' dir='ltr'><strong>homo</strong></span> <span class='ocrx_word' id='word_1_103' title='bbox 368 1415 439 1506; x_wconf 77' lang='lat' dir='ltr'><strong>iam</strong></span> <span class='ocrx_word' id='word_1_104' title='bbox 455 1416 524 1491; x_wconf 89' lang='lat' dir='ltr'><strong>deo</strong></span> <span class='ocrx_word' id='word_1_105' title='bbox 543 1417 721 1514; x_wconf 85' lang='lat' dir='ltr'><strong>propitius</strong></span> <span class='ocrx_word' id='word_1_106' title='bbox 736 1415 805 1492; x_wconf 87' lang='lat' dir='ltr'><strong>esse</strong></span> <span class='ocrx_word' id='word_1_107' title='bbox 824 1416 980 1490; x_wconf 77' lang='lat' dir='ltr'><strong>debebit.</strong></span> <span class='ocrx_word' id='word_1_108' title='bbox 1031 1412 1097 1491; x_wconf 85' lang='lat' dir='ltr'><strong>Ti·</strong></span> <span class='ocrx_word' id='word_1_109' title='bbox 1118 1423 1127 1597; x_wconf 54' lang='grc' dir='ltr'><em>ς</em></span> <span class='ocrx_word' id='word_1_110' title='bbox 1188 1417 1192 1425; x_wconf 85' lang='grc'><strong>“</strong></span> 
     </span>
     <span class='ocr_line' id='line_1_14' title="bbox 27 1513 1268 1615; baseline 0.002 -26"><span class='ocrx_word' id='word_1_111' title='bbox 27 1513 147 1590; x_wconf 82' lang='lat' dir='ltr'><strong>botius</strong></span> <span class='ocrx_word' id='word_1_112' title='bbox 173 1535 285 1611; x_wconf 85' lang='lat' dir='ltr'><strong>ergo,</strong></span> <span class='ocrx_word' id='word_1_113' title='bbox 320 1516 419 1608; x_wconf 84' lang='lat' dir='ltr'><strong>cujus</strong></span> <span class='ocrx_word' id='word_1_114' title='bbox 440 1527 612 1612; x_wconf 87' lang='lat' dir='ltr'><strong>tempore</strong></span> <span class='ocrx_word' id='word_1_115' title='bbox 635 1518 770 1590; x_wconf 82' lang='lat' dir='ltr'><strong>nomen</strong></span> <span class='ocrx_word' id='word_1_116' title='bbox 796 1513 1031 1590; x_wconf 88' lang='lat' dir='ltr'><strong>Christianum</strong></span> <span class='ocrx_word' id='word_1_117' title='bbox 1055 1515 1095 1591; x_wconf 90' lang='lat' dir='ltr'><strong>in</strong></span> <span class='ocrx_word' id='word_1_118' title='bbox 1123 1522 1154 1615; x_wconf 62' lang='lat' dir='ltr'>j</span> <span class='ocrx_word' id='word_1_119' title='bbox 1267 1599 1268 1602; x_wconf 9' lang='lat' dir='ltr'><strong>q</strong></span> 
     </span>
     <span class='ocr_line' id='line_1_15' title="bbox 27 1609 1125 1735; baseline 0 -47"><span class='ocrx_word' id='word_1_120' title='bbox 27 1609 185 1688; x_wconf 78' lang='lat' dir='ltr'><strong>seculum</strong></span> <span class='ocrx_word' id='word_1_121' title='bbox 199 1615 394 1708; x_wconf 86' lang='lat' dir='ltr'><strong>introivit,</strong></span> <span class='ocrx_word' id='word_1_122' title='bbox 419 1617 671 1693; x_wconf 82' lang='lat' dir='ltr'><strong>annunciatum</strong></span> <span class='ocrx_word' id='word_1_123' title='bbox 686 1614 750 1690; x_wconf 87' lang='lat' dir='ltr'><strong>fibi</strong></span> <span class='ocrx_word' id='word_1_124' title='bbox 768 1636 813 1689; x_wconf 81' lang='lat' dir='ltr'><strong>ex</strong></span> <span class='ocrx_word' id='word_1_125' title='bbox 831 1612 1095 1708; x_wconf 81' lang='lat' dir='ltr'><strong>SyriaPalaesti·</strong></span> <span class='ocrx_word' id='word_1_126' title='bbox 1117 1628 1125 1735; x_wconf 77' lang='grc'><em>)</em></span> 
     </span>
     <span class='ocr_line' id='line_1_16' title="bbox 26 1710 1161 1812; baseline -0.011 -22"><span class='ocrx_word' id='word_1_127' title='bbox 26 1733 75 1790; x_wconf 88' lang='lat' dir='ltr'><strong>na</strong></span> <span class='ocrx_word' id='word_1_128' title='bbox 90 1710 190 1806; x_wconf 86' lang='lat' dir='ltr'><strong>quod</strong></span> <span class='ocrx_word' id='word_1_129' title='bbox 208 1713 282 1788; x_wconf 90' lang='lat' dir='ltr'><strong>illic</strong></span> <span class='ocrx_word' id='word_1_130' title='bbox 300 1715 493 1790; x_wconf 85' lang='lat' dir='ltr'><strong>veritatem</strong></span> <span class='ocrx_word' id='word_1_131' title='bbox 512 1715 604 1788; x_wconf 86' lang='lat' dir='ltr'><strong>illius</strong></span> <span class='ocrx_word' id='word_1_132' title='bbox 628 1714 825 1790; x_wconf 88' lang='lat' dir='ltr'><strong>divinitatis</strong></span> <span class='ocrx_word' id='word_1_133' title='bbox 841 1714 1093 1808; x_wconf 81' lang='lat' dir='ltr'><strong>revelaverat,</strong></span> <span class='ocrx_word' id='word_1_134' title='bbox 1111 1744 1119 1812; x_wconf 57' lang='lat' dir='ltr'><strong>q</strong></span> <span class='ocrx_word' id='word_1_135' title='bbox 1158 1772 1161 1778; x_wconf 91' lang='lat'><strong>.</strong></span> 
     </span>
     <span class='ocr_line' id='line_1_17' title="bbox 28 1811 1127 1961; baseline -0.002 -73"><span class='ocrx_word' id='word_1_136' title='bbox 28 1813 162 1890; x_wconf 87' lang='lat' dir='ltr'><strong>detulit</strong></span> <span class='ocrx_word' id='word_1_137' title='bbox 177 1813 221 1888; x_wconf 89' lang='lat' dir='ltr'><strong>ad</strong></span> <span class='ocrx_word' id='word_1_138' title='bbox 236 1812 394 1892; x_wconf 87' lang='lat' dir='ltr'><strong>senatum</strong></span> <span class='ocrx_word' id='word_1_139' title='bbox 411 1835 492 1890; x_wconf 90' lang='lat' dir='ltr'><strong>cum</strong></span> <span class='ocrx_word' id='word_1_140' title='bbox 510 1815 750 1912; x_wconf 74' lang='lat' dir='ltr'><strong>praerogativa</strong></span> <span class='ocrx_word' id='word_1_141' title='bbox 763 1811 916 1910; x_wconf 85' lang='lat' dir='ltr'><strong>suffragii</strong></span> <span class='ocrx_word' id='word_1_142' title='bbox 934 1811 994 1886; x_wconf 90' lang='lat' dir='ltr'><strong>sui.</strong></span> <span class='ocrx_word' id='word_1_143' title='bbox 1033 1811 1094 1886; x_wconf 86' lang='lat' dir='ltr'><strong>Se·</strong></span> <span class='ocrx_word' id='word_1_144' title='bbox 1111 1818 1127 1961; x_wconf 43' lang='grc' dir='ltr'>Κ</span> 
     </span>
     <span class='ocr_line' id='line_1_18' title="bbox 26 1909 1129 2012; baseline 0.001 -22"><span class='ocrx_word' id='word_1_145' title='bbox 26 1927 135 1990; x_wconf 75' lang='lat' dir='ltr'><strong>natus</strong></span> <span class='ocrx_word' id='word_1_146' title='bbox 155 1915 331 2005; x_wconf 85' lang='lat' dir='ltr'><strong>quianon</strong></span> <span class='ocrx_word' id='word_1_147' title='bbox 353 1912 426 2010; x_wconf 89' lang='lat' dir='ltr'><strong>ipse</strong></span> <span class='ocrx_word' id='word_1_148' title='bbox 449 1915 697 2012; x_wconf 81' lang='lat' dir='ltr'><strong>probaverat,</strong></span> <span class='ocrx_word' id='word_1_149' title='bbox 722 1911 866 2010; x_wconf 87' lang='lat' dir='ltr'><strong>respuit.</strong></span> <span class='ocrx_word' id='word_1_150' title='bbox 918 1909 1029 1988; x_wconf 85' lang='lat' dir='ltr'><strong>Caesar</strong></span> <span class='ocrx_word' id='word_1_151' title='bbox 1054 1913 1095 1988; x_wconf 87' lang='lat' dir='ltr'><strong>in</strong></span> <span class='ocrx_word' id='word_1_152' title='bbox 1125 1968 1129 1991; x_wconf 77' lang='lat'><strong>.</strong></span> 
     </span>
     <span class='ocr_line' id='line_1_19' title="bbox 26 1998 1130 2112; baseline -0.002 -24"><span class='ocrx_word' id='word_1_153' title='bbox 26 2009 205 2088; x_wconf 82' lang='lat' dir='ltr'><strong>sententia</strong></span> <span class='ocrx_word' id='word_1_154' title='bbox 222 2013 370 2108; x_wconf 75' lang='lat' dir='ltr'><strong>maana,</strong></span> <span class='ocrx_word' id='word_1_155' title='bbox 396 2015 631 2108; x_wconf 78' lang='lat' dir='ltr'><strong>comminatus</strong></span> <span class='ocrx_word' id='word_1_156' title='bbox 656 2013 856 2112; x_wconf 82' lang='lat' dir='ltr'><strong>periculum</strong></span> <span class='ocrx_word' id='word_1_157' title='bbox 881 2009 1093 2086; x_wconf 86' lang='lat' dir='ltr'><strong>accusatori·</strong></span> <span class='ocrx_word' id='word_1_158' title='bbox 1125 1998 1130 2104; x_wconf 61' lang='grc' dir='ltr'><strong>ξ</strong></span> 
     </span>
     <span class='ocr_line' id='line_1_20' title="bbox 25 2107 1157 2189; baseline -0.002 -1"><span class='ocrx_word' id='word_1_159' title='bbox 25 2111 92 2188; x_wconf 85' lang='lat' dir='ltr'><strong>bus</strong></span> <span class='ocrx_word' id='word_1_160' title='bbox 110 2111 403 2189; x_wconf 87' lang='lat' dir='ltr'><strong>Christianorum.</strong></span> <span class='ocrx_word' id='word_1_161' title='bbox 454 2109 637 2188; x_wconf 82' lang='lat' dir='ltr'><strong>Consulite</strong></span> <span class='ocrx_word' id='word_1_162' title='bbox 648 2114 926 2188; x_wconf 80' lang='lat' dir='ltr'><strong>commentarios</strong></span> <span class='ocrx_word' id='word_1_163' title='bbox 937 2109 1092 2187; x_wconf 76' lang='lat' dir='ltr'><strong>vestroe.</strong></span> <span class='ocrx_word' id='word_1_164' title='bbox 1124 2107 1157 2175; x_wconf 82' lang='grc'><strong>’-</strong></span> 
     </span>
     <span class='ocr_line' id='line_1_21' title="bbox 26 2209 1095 2308; baseline 0 -21"><span class='ocrx_word' id='word_1_165' title='bbox 26 2211 99 2288; x_wconf 86' lang='lat' dir='ltr'><strong>illic</strong></span> <span class='ocrx_word' id='word_1_166' title='bbox 116 2211 305 2308; x_wconf 82' lang='lat' dir='ltr'><strong>reperietis</strong></span> <span class='ocrx_word' id='word_1_167' title='bbox 324 2215 476 2306; x_wconf 87' lang='lat' dir='ltr'><strong>primum</strong></span> <span class='ocrx_word' id='word_1_168' title='bbox 498 2212 688 2288; x_wconf 76' lang='lat' dir='ltr'><strong>Neronem</strong></span> <span class='ocrx_word' id='word_1_169' title='bbox 706 2213 744 2286; x_wconf 92' lang='lat' dir='ltr'><strong>in</strong></span> <span class='ocrx_word' id='word_1_170' title='bbox 759 2213 852 2286; x_wconf 91' lang='lat' dir='ltr'><strong>hanc</strong></span> <span class='ocrx_word' id='word_1_171' title='bbox 868 2209 996 2286; x_wconf 74' lang='lat' dir='ltr'><strong>seriam</strong></span> <span class='ocrx_word' id='word_1_172' title='bbox 1015 2221 1095 2287; x_wconf 88' lang='lat' dir='ltr'><strong>turn</strong></span> 
     </span>
     <span class='ocr_line' id='line_1_22' title="bbox 25 2307 1092 2410; baseline -0.002 -22"><span class='ocrx_word' id='word_1_173' title='bbox 25 2313 180 2392; x_wconf 83' lang='lat' dir='ltr'><strong>maxime</strong></span> <span class='ocrx_word' id='word_1_174' title='bbox 198 2311 322 2388; x_wconf 80' lang='lat' dir='ltr'><strong>Roma</strong></span> <span class='ocrx_word' id='word_1_175' title='bbox 337 2311 538 2406; x_wconf 88' lang='lat' dir='ltr'><strong>orientem,</strong></span> <span class='ocrx_word' id='word_1_176' title='bbox 566 2311 762 2388; x_wconf 80' lang='lat' dir='ltr'><strong>Caesariano</strong></span> <span class='ocrx_word' id='word_1_177' title='bbox 780 2309 898 2410; x_wconf 85' lang='lat' dir='ltr'><strong>gladio</strong></span> <span class='ocrx_word' id='word_1_178' title='bbox 913 2307 1092 2386; x_wconf 75' lang='lat' dir='ltr'><strong>ferocire.</strong></span> 
     </span>
     <span class='ocr_line' id='line_1_23' title="bbox 26 2407 1171 2506; baseline -0.006 -17"><span class='ocrx_word' id='word_1_179' title='bbox 26 2409 85 2489; x_wconf 87' lang='lat' dir='ltr'><strong>sed</strong></span> <span class='ocrx_word' id='word_1_180' title='bbox 106 2411 173 2486; x_wconf 87' lang='lat' dir='ltr'><strong>tali</strong></span> <span class='ocrx_word' id='word_1_181' title='bbox 196 2409 404 2488; x_wconf 85' lang='lat' dir='ltr'><strong>dedicatore</strong></span> <span class='ocrx_word' id='word_1_182' title='bbox 423 2407 658 2487; x_wconf 79' lang='lat' dir='ltr'><strong>dammationis</strong></span> <span class='ocrx_word' id='word_1_183' title='bbox 683 2411 812 2486; x_wconf 78' lang='lat' dir='ltr'><strong>nostre</strong></span> <span class='ocrx_word' id='word_1_184' title='bbox 832 2413 941 2484; x_wconf 87' lang='lat' dir='ltr'><strong>etiarn</strong></span> <span class='ocrx_word' id='word_1_185' title='bbox 964 2409 1093 2506; x_wconf 70' lang='lat' dir='ltr'><strong>gloria</strong></span> <span class='ocrx_word' id='word_1_186' title='bbox 1165 2425 1171 2434; x_wconf 85' lang='grc'><strong><em>’</em></strong></span> 
     </span>
     <span class='ocr_line' id='line_1_24' title="bbox 25 2506 1161 2613; baseline -0.004 -27"><span class='ocrx_word' id='word_1_187' title='bbox 25 2531 115 2590; x_wconf 86' lang='lat' dir='ltr'><strong>mur.</strong></span> <span class='ocrx_word' id='word_1_188' title='bbox 171 2511 246 2613; x_wconf 89' lang='lat' dir='ltr'><strong>Qui</strong></span> <span class='ocrx_word' id='word_1_189' title='bbox 271 2513 363 2588; x_wconf 84' lang='lat' dir='ltr'><strong>eninr</strong></span> <span class='ocrx_word' id='word_1_190' title='bbox 388 2509 454 2588; x_wconf 89' lang='lat' dir='ltr'><strong>scit</strong></span> <span class='ocrx_word' id='word_1_191' title='bbox 473 2513 597 2607; x_wconf 88' lang='lat' dir='ltr'><strong>illum,</strong></span> <span class='ocrx_word' id='word_1_192' title='bbox 626 2513 826 2609; x_wconf 86' lang='lat' dir='ltr'><strong>intelligere</strong></span> <span class='ocrx_word' id='word_1_193' title='bbox 847 2506 991 2604; x_wconf 86' lang='lat' dir='ltr'><strong>potest,</strong></span> <span class='ocrx_word' id='word_1_194' title='bbox 1014 2527 1093 2582; x_wconf 87' lang='lat' dir='ltr'><strong>non</strong></span> <span class='ocrx_word' id='word_1_195' title='bbox 1146 2550 1161 2566; x_wconf 90' lang='lat'><strong>··</strong></span> 
     </span>
     <span class='ocr_line' id='line_1_25' title="bbox 26 2603 1204 2710; baseline -0.012 -22"><span class='ocrx_word' id='word_1_196' title='bbox 26 2611 85 2688; x_wconf 80' lang='lat' dir='ltr'><strong>nid</strong></span> <span class='ocrx_word' id='word_1_197' title='bbox 98 2611 236 2710; x_wconf 79' lang='lat' dir='ltr'><strong>grande</strong></span> <span class='ocrx_word' id='word_1_198' title='bbox 248 2611 572 2706; x_wconf 89' lang='lat' dir='ltr'><strong>aliquodbonuma</strong></span> <span class='ocrx_word' id='word_1_199' title='bbox 586 2611 741 2686; x_wconf 86' lang='lat' dir='ltr'><strong>Nerone</strong></span> <span class='ocrx_word' id='word_1_200' title='bbox 757 2607 969 2684; x_wconf 72' lang='lat' dir='ltr'><strong>damnanda</strong></span> <span class='ocrx_word' id='word_1_201' title='bbox 994 2603 1092 2682; x_wconf 85' lang='lat' dir='ltr'><strong>Ten·</strong></span> <span class='ocrx_word' id='word_1_202' title='bbox 1200 2664 1204 2674; x_wconf 93' lang='lat'><strong>.</strong></span> 
     </span>
     <span class='ocr_line' id='line_1_26' title="bbox 25 2707 1161 2808; baseline -0.004 -22"><span class='ocrx_word' id='word_1_203' title='bbox 25 2723 174 2788; x_wconf 80' lang='lat' dir='ltr'><strong>raverat</strong></span> <span class='ocrx_word' id='word_1_204' title='bbox 192 2711 227 2788; x_wconf 80' lang='lat' dir='ltr'><strong>dt</strong></span> <span class='ocrx_word' id='word_1_205' title='bbox 243 2711 499 2804; x_wconf 83' lang='lat' dir='ltr'><strong>Domitianus,</strong></span> <span class='ocrx_word' id='word_1_206' title='bbox 525 2707 886 2808; x_wconf 84' lang='lat' dir='ltr'><strong>portioNeronisde</strong></span> <span class='ocrx_word' id='word_1_207' title='bbox 905 2707 1093 2782; x_wconf 83' lang='lat' dir='ltr'><strong>crudelita-</strong></span> <span class='ocrx_word' id='word_1_208' title='bbox 1144 2709 1161 2728; x_wconf 68' lang='lat'><strong><em>¹</em></strong></span> 
     </span>
     <span class='ocr_line' id='line_1_27' title="bbox 26 2806 1092 2908; baseline -0.008 -20"><span class='ocrx_word' id='word_1_209' title='bbox 26 2825 83 2908; x_wconf 88' lang='lat' dir='ltr'><strong>te,</strong></span> <span class='ocrx_word' id='word_1_210' title='bbox 100 2809 164 2886; x_wconf 87' lang='lat' dir='ltr'><strong>sed</strong></span> <span class='ocrx_word' id='word_1_211' title='bbox 182 2833 252 2904; x_wconf 89' lang='lat' dir='ltr'><strong>qua</strong></span> <span class='ocrx_word' id='word_1_212' title='bbox 265 2810 446 2906; x_wconf 73' lang='lat' dir='ltr'><strong>dromo,</strong></span> <span class='ocrx_word' id='word_1_213' title='bbox 466 2811 572 2886; x_wconf 88' lang='lat' dir='ltr'><strong>facile</strong></span> <span class='ocrx_word' id='word_1_214' title='bbox 585 2823 741 2908; x_wconf 81' lang='lat' dir='ltr'><strong>ceptum</strong></span> <span class='ocrx_word' id='word_1_215' title='bbox 748 2809 928 2908; x_wconf 85' lang='lat' dir='ltr'><strong>repressit,</strong></span> <span class='ocrx_word' id='word_1_216' title='bbox 952 2806 1092 2882; x_wconf 87' lang='lat' dir='ltr'><strong>restitu-</strong></span> 
     </span>
     <span class='ocr_line' id='line_1_28' title="bbox 24 2903 1193 3010; baseline -0.011 -24"><span class='ocrx_word' id='word_1_217' title='bbox 24 2911 69 2986; x_wconf 77' lang='lat' dir='ltr'><strong>tis</strong></span> <span class='ocrx_word' id='word_1_218' title='bbox 89 2911 201 2986; x_wconf 87' lang='lat' dir='ltr'><strong>etiarn</strong></span> <span class='ocrx_word' id='word_1_219' title='bbox 215 2931 307 3004; x_wconf 86' lang='lat' dir='ltr'><strong>quos</strong></span> <span class='ocrx_word' id='word_1_220' title='bbox 320 2911 555 3010; x_wconf 84' lang='lat' dir='ltr'><strong>relegaverat</strong></span> <span class='ocrx_word' id='word_1_221' title='bbox 604 2907 715 2986; x_wconf 88' lang='lat' dir='ltr'><strong>Tales</strong></span> <span class='ocrx_word' id='word_1_222' title='bbox 733 2909 870 3004; x_wconf 84' lang='lat' dir='ltr'><strong>semper</strong></span> <span class='ocrx_word' id='word_1_223' title='bbox 885 2907 991 2982; x_wconf 90' lang='lat' dir='ltr'><strong>nobis</strong></span> <span class='ocrx_word' id='word_1_224' title='bbox 1004 2903 1092 2980; x_wconf 83' lang='lat' dir='ltr'><strong>inse-</strong></span> <span class='ocrx_word' id='word_1_225' title='bbox 1191 2971 1193 2973; x_wconf 82' lang='grc'><strong>,</strong></span> 
     </span>
     <span class='ocr_line' id='line_1_29' title="bbox 26 3006 1093 3110; baseline -0.007 -24"><span class='ocrx_word' id='word_1_226' title='bbox 26 3023 196 3104; x_wconf 78' lang='lat' dir='ltr'><strong>tutores,</strong></span> <span class='ocrx_word' id='word_1_227' title='bbox 222 3009 358 3108; x_wconf 87' lang='lat' dir='ltr'><strong>injusti,</strong></span> <span class='ocrx_word' id='word_1_228' title='bbox 385 3011 506 3109; x_wconf 87' lang='lat' dir='ltr'><strong>impii,</strong></span> <span class='ocrx_word' id='word_1_229' title='bbox 531 3027 675 3110; x_wconf 82' lang='lat' dir='ltr'><strong>turpes:</strong></span> <span class='ocrx_word' id='word_1_230' title='bbox 702 3009 837 3106; x_wconf 82' lang='lat' dir='ltr'><strong>quos&amp;</strong></span> <span class='ocrx_word' id='word_1_231' title='bbox 853 3006 916 3103; x_wconf 91' lang='lat' dir='ltr'><strong>ipsr</strong></span> <span class='ocrx_word' id='word_1_232' title='bbox 926 3007 1093 3080; x_wconf 88' lang='lat' dir='ltr'><strong>damnare</strong></span> 
     </span>
     <span class='ocr_line' id='line_1_30' title="bbox 27 3103 1090 3206; baseline -0.004 -22"><span class='ocrx_word' id='word_1_233' title='bbox 27 3109 243 3204; x_wconf 82' lang='lat' dir='ltr'><strong>consuestis,</strong></span> <span class='ocrx_word' id='word_1_234' title='bbox 270 3109 482 3204; x_wconf 81' lang='lat' dir='ltr'><strong>&amp;aquibus</strong></span> <span class='ocrx_word' id='word_1_235' title='bbox 495 3109 680 3206; x_wconf 81' lang='lat' dir='ltr'><strong>damnatos</strong></span> <span class='ocrx_word' id='word_1_236' title='bbox 694 3107 881 3188; x_wconf 85' lang='lat' dir='ltr'><strong>restituere</strong></span> <span class='ocrx_word' id='word_1_237' title='bbox 890 3105 985 3181; x_wconf 87' lang='lat' dir='ltr'><strong>soliti</strong></span> <span class='ocrx_word' id='word_1_238' title='bbox 998 3103 1090 3180; x_wconf 85' lang='lat' dir='ltr'><strong>estis.</strong></span> 
     </span>
     <span class='ocr_line' id='line_1_31' title="bbox 26 3199 1094 3310; baseline -0.011 -24"><span class='ocrx_word' id='word_1_239' title='bbox 26 3199 198 3286; x_wconf 83' lang='lat' dir='ltr'><strong>Ceterum</strong></span> <span class='ocrx_word' id='word_1_240' title='bbox 212 3209 255 3282; x_wconf 91' lang='lat' dir='ltr'><strong>de</strong></span> <span class='ocrx_word' id='word_1_241' title='bbox 270 3222 333 3284; x_wconf 93' lang='lat' dir='ltr'><strong>tot</strong></span> <span class='ocrx_word' id='word_1_242' title='bbox 350 3211 479 3284; x_wconf 82' lang='lat' dir='ltr'><strong>exinde</strong></span> <span class='ocrx_word' id='word_1_243' title='bbox 493 3209 737 3308; x_wconf 83' lang='lat' dir='ltr'><strong>principibus,</strong></span> <span class='ocrx_word' id='word_1_244' title='bbox 761 3205 870 3301; x_wconf 85' lang='lat' dir='ltr'><strong>usqne</strong></span> <span class='ocrx_word' id='word_1_245' title='bbox 888 3207 932 3280; x_wconf 87' lang='lat' dir='ltr'><strong>ad</strong></span> <span class='ocrx_word' id='word_1_246' title='bbox 949 3203 1094 3310; x_wconf 81' lang='lat' dir='ltr'><strong>hodier-</strong></span> 
     </span>
     <span class='ocr_line' id='line_1_32' title="bbox 24 3301 1092 3404; baseline -0.01 -18"><span class='ocrx_word' id='word_1_247' title='bbox 24 3331 138 3404; x_wconf 91' lang='lat' dir='ltr'><strong>num,</strong></span> <span class='ocrx_word' id='word_1_248' title='bbox 173 3307 335 3388; x_wconf 80' lang='lat' dir='ltr'><strong>divinmn</strong></span> <span class='ocrx_word' id='word_1_249' title='bbox 359 3311 622 3404; x_wconf 88' lang='lat' dir='ltr'><strong>humanumque</strong></span> <span class='ocrx_word' id='word_1_250' title='bbox 644 3307 885 3404; x_wconf 86' lang='lat' dir='ltr'><strong>sapientibus;</strong></span> <span class='ocrx_word' id='word_1_251' title='bbox 910 3307 1007 3380; x_wconf 90' lang='lat' dir='ltr'><strong>edite</strong></span> <span class='ocrx_word' id='word_1_252' title='bbox 1032 3301 1092 3374; x_wconf 88' lang='lat' dir='ltr'><strong>ali-</strong></span> 
     </span>
     <span class='ocr_line' id='line_1_33' title="bbox 24 3405 1092 3506; baseline -0.007 -20"><span class='ocrx_word' id='word_1_253' title='bbox 24 3431 131 3506; x_wconf 86' lang='lat' dir='ltr'><strong>quem</strong></span> <span class='ocrx_word' id='word_1_254' title='bbox 147 3409 407 3486; x_wconf 83' lang='lat' dir='ltr'><strong>debellatorem</strong></span> <span class='ocrx_word' id='word_1_255' title='bbox 420 3407 712 3486; x_wconf 82' lang='lat' dir='ltr'><strong>Christianortnn.</strong></span> <span class='ocrx_word' id='word_1_256' title='bbox 762 3405 817 3480; x_wconf 81' lang='lat' dir='ltr'><strong>At</strong></span> <span class='ocrx_word' id='word_1_257' title='bbox 828 3427 897 3482; x_wconf 90' lang='lat' dir='ltr'><strong>nos</strong></span> <span class='ocrx_word' id='word_1_258' title='bbox 913 3425 934 3478; x_wconf 88' lang='lat' dir='ltr'><strong>e</strong></span> <span class='ocrx_word' id='word_1_259' title='bbox 949 3413 1092 3478; x_wconf 84' lang='lat' dir='ltr'><strong>contra·</strong></span> 
     </span>
     <span class='ocr_line' id='line_1_34' title="bbox 24 3499 1133 3605; baseline -0.009 -21"><span class='ocrx_word' id='word_1_260' title='bbox 24 3513 79 3584; x_wconf 87' lang='lat' dir='ltr'><strong>rio</strong></span> <span class='ocrx_word' id='word_1_261' title='bbox 101 3509 240 3584; x_wconf 86' lang='lat' dir='ltr'><strong>edimus</strong></span> <span class='ocrx_word' id='word_1_262' title='bbox 258 3507 527 3605; x_wconf 66' lang='lat' dir='ltr'><strong>protestorem,</strong></span> <span class='ocrx_word' id='word_1_263' title='bbox 552 3507 577 3586; x_wconf 86' lang='lat' dir='ltr'><strong>sr</strong></span> <span class='ocrx_word' id='word_1_264' title='bbox 596 3509 725 3582; x_wconf 77' lang='lat' dir='ltr'><strong>litterae</strong></span> <span class='ocrx_word' id='word_1_265' title='bbox 741 3504 796 3582; x_wconf 90' lang='lat' dir='ltr'><strong>M.</strong></span> <span class='ocrx_word' id='word_1_266' title='bbox 809 3501 949 3577; x_wconf 86' lang='lat' dir='ltr'><strong>Aurelii</strong></span> <span class='ocrx_word' id='word_1_267' title='bbox 964 3499 1092 3598; x_wconf 85' lang='lat' dir='ltr'><strong>gravis·</strong></span> <span class='ocrx_word' id='word_1_268' title='bbox 1130 3567 1133 3574; x_wconf 89' lang='lat'><strong>.</strong></span> 
     </span>
     <span class='ocr_line' id='line_1_35' title="bbox 22 3597 1091 3704; baseline -0.011 -18"><span class='ocrx_word' id='word_1_269' title='bbox 22 3609 96 3686; x_wconf 83' lang='lat' dir='ltr'><strong>frmi</strong></span> <span class='ocrx_word' id='word_1_270' title='bbox 114 3609 351 3704; x_wconf 88' lang='lat' dir='ltr'><strong>Imperatoris</strong></span> <span class='ocrx_word' id='word_1_271' title='bbox 368 3611 618 3704; x_wconf 87' lang='lat' dir='ltr'><strong>requirantur,</strong></span> <span class='ocrx_word' id='word_1_272' title='bbox 645 3607 772 3700; x_wconf 83' lang='lat' dir='ltr'><strong>quibus</strong></span> <span class='ocrx_word' id='word_1_273' title='bbox 792 3605 887 3678; x_wconf 86' lang='lat' dir='ltr'><strong>illam</strong></span> <span class='ocrx_word' id='word_1_274' title='bbox 909 3597 1091 3678; x_wconf 84' lang='lat' dir='ltr'><strong>Germani·</strong></span> 
     </span>
     <span class='ocr_line' id='line_1_36' title="bbox 25 3699 1092 3803; baseline -0.015 -16"><span class='ocrx_word' id='word_1_275' title='bbox 25 3729 101 3786; x_wconf 82' lang='lat' dir='ltr'><strong>orm</strong></span> <span class='ocrx_word' id='word_1_276' title='bbox 122 3707 246 3803; x_wconf 84' lang='lat' dir='ltr'><strong>fitim,</strong></span> <span class='ocrx_word' id='word_1_277' title='bbox 283 3705 564 3785; x_wconf 83' lang='lat' dir='ltr'><strong>Christianorum</strong></span> <span class='ocrx_word' id='word_1_278' title='bbox 584 3707 684 3782; x_wconf 82' lang='lat' dir='ltr'><strong>forte</strong></span> <span class='ocrx_word' id='word_1_279' title='bbox 703 3703 855 3782; x_wconf 88' lang='lat' dir='ltr'><strong>militum</strong></span> <span class='ocrx_word' id='word_1_280' title='bbox 875 3699 1092 3797; x_wconf 88' lang='lat' dir='ltr'><strong>precationi·</strong></span> 
     </span>
     <span class='ocr_line' id='line_1_37' title="bbox 23 3799 1248 3986; baseline -0.015 -95"><span class='ocrx_word' id='word_1_281' title='bbox 23 3807 114 3906; x_wconf 79' lang='lat' dir='ltr'><strong>bus,</strong></span> <span class='ocrx_word' id='word_1_282' title='bbox 146 3807 345 3914; x_wconf 75' lang='lat' dir='ltr'><strong>impetrato</strong></span> <span class='ocrx_word' id='word_1_283' title='bbox 364 3807 495 3910; x_wconf 83' lang='lat' dir='ltr'><strong>imbri,</strong></span> <span class='ocrx_word' id='word_1_284' title='bbox 521 3805 707 3986; x_wconf 56' lang='lat' dir='ltr'><strong>{treunam</strong></span> <span class='ocrx_word' id='word_1_285' title='bbox 728 3801 980 3978; x_wconf 75' lang='lat' dir='ltr'><strong>contestatur.¹¹1</strong></span> <span class='ocrx_word' id='word_1_286' title='bbox 1017 3799 1093 3976; x_wconf 54' lang='lat' dir='ltr'><strong>(tini</strong></span> <span class='ocrx_word' id='word_1_287' title='bbox 1246 3807 1248 3816; x_wconf 80' lang='grc'>’</span> 
     </span>
    </p>

    <p class='ocr_par' dir='ltr' id='par_1_4' title="bbox 351 3919 1026 4016">
     <span class='ocr_line' id='line_1_38' title="bbox 351 3919 1026 4016; baseline 0.003 -42"><span class='ocrx_word' id='word_1_288' title='bbox 351 3929 358 3934; x_wconf 85' lang='grc'><em>”</em></span> <span class='ocrx_word' id='word_1_289' title='bbox 439 3967 442 3974; x_wconf 87' lang='grc'><em>,</em></span> <span class='ocrx_word' id='word_1_290' title='bbox 586 3927 612 4016; x_wconf 55' lang='lat'>³</span> <span class='ocrx_word' id='word_1_291' title='bbox 698 3945 711 3974; x_wconf 81' lang='grc' dir='ltr'><strong><em>ο</em></strong></span> <span class='ocrx_word' id='word_1_292' title='bbox 762 3933 766 3942; x_wconf 84' lang='grc'><em>“</em></span> <span class='ocrx_word' id='word_1_293' title='bbox 981 3919 1026 3976; x_wconf 68' lang='lat' dir='ltr'><strong>cu</strong></span> 
     </span>
    </p>
   </div>
   <div class='ocr_carea' id='block_1_3' title="bbox 0 0 1290 4332">
    <p class='ocr_par' dir='ltr' id='par_1_5' title="bbox 0 0 1290 4332">
     <span class='ocr_line' id='line_1_39' title="bbox 0 0 1290 4332; baseline 0 1"><span class='ocrx_word' id='word_1_294' title='bbox 0 0 1290 4332; x_wconf 95' lang='lat' dir='ltr'><strong> </strong></span> 
     </span>
    </p>
   </div>
  </div>
 </body>
</html>
