2616 4336
325 181 696 260 no'Nnrrortts.
747 177 923 260 trull
995 194 1000 212 ·
1086 187 1155 281 169
1282 232 1286 240 ,

75 345 270 446 remaglo,
295 344 486 438 miracula,
512 365 591 438 qua
610 305 731 420 omsria
745 343 978 418 adulterinam
992 342 1092 418 istam
1104 344 1157 420 di:
1306 335 1307 392 l

56 449 277 524 .vinitatem
302 448 649 520 corroboraverunt.
713 447 835 544 Quare
867 443 1061 518 secundum
1094 467 1156 520 ve·

75 547 178 622 stros
197 545 500 638 commentarios,
527 565 618 638 quos
635 567 682 618 ex
698 545 796 618 omni
812 545 1008 642 theologia·
1021 565 1156 642 genere
1232 579 1234 591 ·

2 677 9 687 ·
76 646 248 741 cepistis,
289 646 436 742 gradum
457 645 675 737 conferens,
707 645 878 738 quoniam
898 645 1013 738 major
1033 648 1070 718 in
1090 645 1156 720 hu·
1306 699 1307 708 r

72 747 240 840 J‘usmdi
260 766 372 840 penes
401 764 473 818 vos
496 743 688 818 auitoritas
713 745 938 838 litterarum,
977 765 1082 838 quam
1100 765 1156 822 re·

77 865 166 920 rum
183 845 260 940 est,
289 844 379 940 elegi
400 844 443 916 ad
462 843 716 938 compendium
730 843 908 918 Varronis
927 865 1059 940 opera,
1093 846 1157 938 qui

76 965 206 1020 rerum
223 945 423 1020 dunarum
441 967 486 1018 ex
508 945 673 1016 omnibus
690 955 792 1018 retro
805 941 952 1042 ¹digestis
974 963 1155 1020 commen-

76 1055 209 1140 tatus,
233 1045 407 1120 idoneum
428 1044 464 1120 se
484 1043 591 1118 nobis
607 1041 755 1138 scoptun
774 1041 950 1138 exposuit.
1001 1043 1156 1122 Huncsr

75 1145 331 1241 interrogem,
359 1143 420 1237 qui
445 1143 681 1218 insinuatores
705 1143 886 1218 deorum?
917 1157 979 1218 aut
997 1145 1154 1238 philoso·
1306 1127 1307 1168 ³

76 1245 180 1342 phos
206 1245 387 1341 designat,
420 1255 482 1318 aut
504 1245 691 1336 populos,
726 1257 788 1316 aut
810 1249 951 1336 poetas.
1001 1243 1155 1338 Triplici

39 1412 46 1420 .
76 1347 182 1418 enim
194 1365 324 1442 genere
338 1343 489 1416 deorum
506 1339 646 1418 censum
663 1341 838 1418 diffluxit:
864 1363 975 1420 unum
988 1341 1156 1440 essephy·
1306 1383 1307 1400 ι

76 1443 216 1538 fictur,
246 1443 344 1538 quod
361 1439 565 1536 philosophi
579 1443 796 1529 retractant3
823 1443 918 1518 aliud
932 1445 1154 1538 mythicum,

78 1545 186 1640 quod
205 1545 301 1617 inter
316 1557 444 1637 poetas
460 1545 672 1632 volutetur;
704 1543 850 1618 tertium
869 1544 1026 1640 gentile,
1055 1543 1155 1636 quod

78 1645 213 1742 populi
233 1644 297 1718 sibi
319 1644 452 1735 quique
468 1629 747 1736 adoptaverunt
807 1641 919 1739 Igitur
940 1665 1020 1718 uun
1039 1637 1154 1738 philo-

78 1743 190 1838 sophi
202 1744 387 1839 physrcum
406 1741 621 1835 comesturis
636 1743 913 1834 concinnarint,
946 1755 1066 1836 poetae
1079 1765 1154 1836 my·

80 1843 223 1918 thicum
238 1843 283 1914 de
298 1841 427 1916 sabulis
444 1843 640 1935 traxerint,
665 1843 790 1936 populi
805 1843 938 1938 gentile
956 1845 1054 1916 ultro
1067 1863 1155 1936 prm
1230 1883 1233 1892 ·

62 1941 315 2039 sumpserint,
340 1941 484 2016 ubinam
502 1942 636 2016 veritas
656 1941 895 2017 collocanda?
921 1943 958 2017 in
976 1939 1154 2037 conjectu·

79 2041 164 2116 ris?
187 2037 256 2116 'sed
268 2041 406 2116 incerta
423 2041 619 2135 conceptio
638 2039 708 2128 est;
740 2044 777 2116 in
793 2042 952 2119 fabulis?
984 2041 1045 2116 sed
1060 2043 1155 2117 foeda

36 2146 45 2169 “
78 2145 216 2218 relatio
232 2139 302 2233 est3
327 2142 365 2215 in
382 2141 663 2235 adoptionibus?
690 2139 750 2216 scd
764 2141 896 2236 passiva
911 2141 945 2216 tr
960 2145 1155 2238 municipa·
1279 2147 1289 2160 “

79 2243 128 2320 lis
148 2242 337 2338 adoptatio
355 2239 416 2316 est.
464 2240 634 2334 Denique
647 2241 740 2334 apud
751 2241 987 2336 philosophos
1000 2244 1154 2338 incerta,

79 2343 169 2436 ¹quia
183 2343 308 2430 varia;
334 2340 428 2436 apud
443 2356 573 2436 poetas
593 2341 892 2438 omniaindigna,
919 2344 1001 2436 quia
1013 2343 1152 2436 taupia3

76 2443 180 2539 apud
192 2443 351 2536 populos
360 2441 493 2536 paffiva
503 2441 644 2532 omnia,
671 2441 753 2534 quia
769 2441 985 2516 voluntaria
1034 2437 1176 2515 Porro*
1274 2449 1287 2542 s

24 2589 42 2626 .
81 2543 280 2635 divinitas,
311 2541 478 2616 siveram
494 2538 691 2633 retractes,
719 2561 761 2615 ea
776 2537 987 2614 definitione
1003 2538 1081 2633 est,
1111 2551 1154 2614 ut

79 2641 177 2716 istud
186 2661 305 2734 neque
319 2639 688 2740 argumentationibus
700 2641 846 2714 incertis
863 2641 1071 2736 colligatur:
1092 2662 1153 2714 ne·
1304 2709 1306 2714 ,

81 2763 156 2836 que
173 2741 301 2816 sabulis
318 2741 472 2836 indignis
493 2741 785 2833 contaminetur,
816 2759 934 2832 neque
949 2739 1152 2836 adoptioni-

82 2843 154 2916 bus
169 2841 307 2935 paffivis
327 2841 531 2936 judicetur,
556 2840 680 2914 haberi
699 2839 793 2914 enim
814 2839 946 2934 debet,
972 2841 1061 2916 sicut
1079 2841 1152 2935 est,

81 2955 206 3034 certa,
240 2941 402 3037 integra,
436 2942 656 3034 communis,
695 2941 777 3034 quia
813 2935 949 3020 scilicet
981 2941 1153 3022 omnium.

82 3041 278 3136 Ceterum,
316 3059 421 3134 quem
443 3039 751 3134 neomeniam,
778 3059 884 3132 quem
899 3034 1051 3136 suspicio
1069 3038 1157 3114 aesii-

82 3141 221 3234 mavit,
250 3161 355 3233 quem
371 3139 519 3214 historia
531 3139 705 3233 jactavit,
742 3161 847 3232 quem
863 3141 991 3214 civitas
1005 3137 1153 3214 voluit?

81 3239 240 3336 Dignius
254 3241 370 3314 multo
385 3241 566 3314 neminem
580 3241 748 3332 credam,
774 3259 879 3332 quam
900 3239 1153 3334 dubitandum,

82 3355 148 3416 aut
161 3339 389 3434 pudendum,
416 3353 477 3412 aut
495 3340 720 3435 adoptivum.

162 3461 194 3514 a.
219 3439 289 3514 Sed
304 3438 532 3532 physicorum
554 3438 745 3514 auctoritas
771 3436 1088 3534 philosophorum,
1106 3454 1156 3514 ‘ut

56 3537 759 3634 ·mancipiumsapientiaepatrocinatur.
810 3537 1154 3634 Sanemcrasapien-

82 3636 463 3734 tiaphilosophorum,
490 3637 591 3731 cuius
604 3633 847 3714 infirmitatem
858 3641 971 3736 prima
979 3637 1055 3714 haec
1069 3657 1154 3714 con-

83 3739 234 3814 testatur
254 3738 409 3812 varietas
437 3737 672 3835 opinionum,
707 3738 859 3812 veniens
881 3739 926 3812 de
951 3737 1155 3836 ignorantia
1264 3777 1271 3797 ι

84 3835 262 3917 emicans.
314 3837 405 3942 Quis
418 3851 538 3916 autem
548 3835 708 4039 sapiens,
733 3857 863 3938 expers
881 3839 1065 4012 veritatiss,
1095 3842 1155 3932 qui

663 3957 686 4030 ς
811 3987 817 4000 ·
999 3961 1107 4036 aprus
