2616 4336
184 255 255 334 'rto'
328 249 377 350 Q.
402 235 543 323 strar:
565 230 705 321 lito'n.
729 235 1097 357 Terruerunt

179 435 283 498 num,
295 409 437 504 quidem
467 409 615 508 dignitas
638 407 799 484 humanis
825 379 1098 506 cognominibus
1133 395 1265 488 distat·

180 513 272 588 Satis
288 509 391 586 rideo
408 509 516 583 etiam
526 509 615 582 deos
633 508 846 582 decuriones
860 511 1033 602 cujusque
1048 513 1259 606 municipii,

181 615 310 704 quibus
326 611 447 684 honor
461 611 555 681 intra
567 627 690 681 muros
705 604 788 682 suos
806 608 1071 684 determinatur.
1109 612 1198 684 Hac
1212 613 1263 685 li-

80 723 86 734 ·
181 715 301 788 bertas
327 707 616 802 adoptandorum
641 706 792 782 deorum
817 729 1004 802 quousque
1029 713 1260 805 profecerit,

33 807 34 814 '
180 809 450 909 Aegyptiorum
466 805 730 904 superstitiones
744 805 899 902 docent,
924 811 987 902 qui·
1001 813 1107 894 etiam
1123 809 1260 886 bertas

30 899 33 992 ἶ
181 913 343 1088 privatas
366 911 522 1001 colunt,
547 927 655 1001 p....
677 907 886 980 crocodilos
908 905 943 981 u
969 925 1117 1006 anguem
1138 909 1259 988 suum.

212 1031 311 1086 arum
322 1007 540 1103 est‚lletiam
552 1006 734 1081 hominem
747 997 1012 1084 consecrarunt.
1037 1007 1142 1086 lllum
1150 1009 1258 1105 dico,

27 1195 28 1198 a
174 1112 291 1206 'quem
304 1127 382 1184 non
394 1109 467 1202 iana
478 1093 668 1204 Aegyptus
680 1119 741 1180 aut
754 1103 912 1202 Gracia,
930 1126 1058 1182 verum
1073 1121 1176 1184 totus
1194 1127 1262 1183 or-

159 1208 164 1221 '
183 1213 317 1288 bis...·.
337 1205 420 1310 Afri
435 1207 578 1300 iurant3
604 1205 650 1280 de
665 1207 765 1299 cujus
782 1205 875 1280 statu
889 1207 975 1300 quid
987 1209 1120 1302 conjici
1132 1208 1262 1304 potest

181 1309 280 1408 apud
295 1305 433 1382 nostras
453 1307 572 1379 literas
592 1317 635 1378 ut
647 1304 838 1379 verisimile
852 1305 998 1382 videtur
1014 1307 1169 1402 posltum
1190 1309 1259 1391 est.

182 1411 279 1486 Nam
288 1407 428 1500 Serapis
436 1403 501 1479 iste
509 1401 651 1498 quidam
664 1405 751 1480 olim
761 1403 911 1500 Joseph.
925 1463 933 1481 .
947 1465 955 1481 .
969 1405 1057 1482 ,fuit
1067 1407 1111 1481 de
1122 1427 1262 1506 genere

24 1515 25 1520 ‘
182 1503 1259 1602 sanctorumjuniorinterceterosfratres,sedexcelsror...‚

184 1613 229 1685 ab
246 1608 372 1683 iisdem
388 1605 554 1680 fratribus
576 1625 642 1700 per
657 1605 814 1680 livorem
830 1627 964 1682 venum
982 1607 1020 1682 in
1043 1605 1260 1704 Aegyptum

185 1709 304 1802 datus,
323 1703 503 1782 serviebat
516 1705 553 1779 in
566 1701 698 1780 familia
709 1706 802 1804 regis
817 1703 1084 1878 Aegyptium
1098 1707 1261 1782 Pharum

40 1833 44 1840 ·
80 1793 89 1810 '
186 1809 344 1906 'aregina
355 1807 471 1882 minus
491 1803 622 1900 pudica
638 1803 879 1879 defideratus:
937 1806 982 1880 ed
999 1807 1172 1900 quianon
1190 1809 1260 1880 ob-

184 1909 419 2002 sequebatur,
445 1903 668 1980 econtrario
687 1903 730 1978 ab
745 1903 869 1980 eadem
889 1903 1053 2002 delatus,
1080 1929 1100 1979 a
1116 1927 1204 2004 rege
1220 1909 1261 1984 iu

181 2025 368 2084 *carcerem
384 2006 498 2078 datur.
549 2001 626 2077 lllic
651 2001 786 2077 somnia
806 2003 1016 2096 quibusdam
1038 2027 1114 2080 non
1129 2025 1261 2100 perpe·

183 2129 261 2184 ram
272 2107 543 2200 interpretatus,
551 2093 774 2198 vimspiritus
782 2100 832 2178 sui
848 2101 1016 2181 ostendit.
1040 2103 1183 2180 Interea
1192 2125 1263 2181 rex

189 2229 334 2304 quoque
351 2203 487 2280 somnia
504 2201 678 2277 terribilia
693 2202 851 2296 quaedam
870 2203 943 2298 illl,
974 2204 1139 2278 deaaffis
1161 2227 1261 2298 quos

137 2338 142 2349 ·
186 2316 475 2400 convocaverat,
500 2301 622 2396 voluit
639 2321 834 2396 exponere.
859 2304 993 2401 Joseph
1008 2305 1265 2398 expedimenta

148 2485 155 2502 x
186 2410 233 2484 de
247 2427 391 2482 carcere
410 2403 572 2496 edocuit,
598 2401 773 2478 somnium
789 2403 865 2499 regi
882 2405 1012 2498 aperit:
1039 2405 1121 2478 illos
1137 2405 1263 2478 boves

186 2507 323 2603 septem
342 2503 599 2600 opimillimoa,
639 2500 865 2597 defluentes,
903 2502 1058 2577 totidem
1080 2525 1265 2580 annorum

181 2611 390 2682 ubertatem
405 2599 625 2700 fignificare:
656 2599 874 2695 posteriores
896 2619 996 2695 aeqne
1011 2601 1143 2697 septem
1160 2607 1264 2698 inep-

181 2712 272 2800 tos,
298 2703 583 2796 subsequentium
603 2694 738 2794 septem
756 2712 932 2775 annorum
951 2702 1119 2796 inopiam
1171 2703 1265 2778 Prae-

187 2807 307 2880 dicare
317 2805 437 2896 itaque
454 2801 543 2895 saepe
562 2799 607 2874 de
620 2799 859 2874 recondendis
869 2800 1033 2894 praesrdiis
1048 2803 1085 2874 in
1100 2801 1265 2880 funum

186 2905 317 2980 famem
333 2904 439 2978 deco
466 2899 643 2994 inpriore.
680 2897 841 2972 Credidit
849 2919 934 2974 rex:
960 2905 1077 2975 exitus
1087 2921 1209 2976 return
1227 2903 1264 2978 ἃ

71 3065 80 3081 .
213 3003 402 3108 rudentem
429 2925 465 3074 (ξ
488 2993 645 3073 santium
667 2997 804 3092 semper
823 2995 1053 3074 nocellarium
1074 3003 1263 3094 probavit.

176 3029 312 3198 ¹ftaque
338 3099 478 3175 Pharao
498 3095 673 3172 universae
695 3099 869 3196 Aegypto
890 3095 925 3172 dc
944 3095 1205 3176 emmanue
1227 3101 1264 3176 dc

189 3204 319 3279 exinde
337 3199 501 3274 curandae
515 3213 596 3274 eum
610 3196 782 3293 prefecit.
834 3197 1197 3294 Hunc‚·'-Serapidem
1214 3221 1265 3276 ex

187 3299 349 3402 suggestu
364 3321 439 3396 quo
455 3311 564 3393 caput
578 3297 654 3393 ejus
671 3309 858 3392 ornatum,
884 3312 1133 3373 vocaverunt:
1160 3301 1263 3394 cujus

187 3399 365 3500 suggestus
385 3398 549 3475 modialis
566 3393 699 3496 figura,
736 3395 1026 3471 frumentationis
1050 3401 1266 3476 mernoriam

187 3503 376 3598 obsrgnat3
399 3497 581 3620 dcuram
605 3495 747 3591 frugum
772 3492 876 3590 super
901 3510 1010 3592 caput
1033 3499 1110 3591 ejus
1135 3497 1267 3593 titides

187 3602 266 3696 ipsrs
287 3597 414 3694 spicis,
451 3595 577 3690 quibus
601 3614 667 3688 per
693 3595 863 3670 ambitum
890 3607 1066 3692 notatur,
1100 3615 1257 3693 apparet

186 3699 385 3794 Propterea
409 3695 445 3770 dc
465 3715 613 3788 canem,
650 3713 756 3785 quem
779 3693 873 3790 apud
897 3694 1036 3770 inferos
1061 3695 1257 3792 deputant,

187 3798 248 3880 sub
275 3797 424 3871 dextera
449 3797 525 3888 ejus
551 3793 786 3889 dicaverunt,
834 3795 934 3886 quod
959 3793 1023 3870 sub
1048 3815 1158 3872 manu
1183 3799 1267 3893 ejus

186 3893 442 3994 compressatur
477 3891 771 3993 Aegyptiorum,
817 3891 852 3970 dt
889 3891 1029 3974 Feriam
1062 3895 1268 4010 adjungunt}
