2612 4328
147 269 228 364 rsa
278 237 284 258 ⁸
308 261 358 364 Q.
383 257 519 340 serr.
544 255 685 337 Fron.
711 253 1078 338 Terruerunt

24 405 26 408 ’
65 429 70 446 ’
146 445 247 498 m
261 425 302 494 in
312 421 457 520 pastores.
482 417 526 496 In
546 439 638 514 quos
659 411 880 498 &Ezechiel
903 416 1152 496 &Hieremias
1174 417 1233 496 iis-

92 513 107 548 '
147 523 231 600 dem
253 523 356 610 minis
382 536 582 615 perorant,
620 520 720 613 qnod
750 541 827 594 non
851 531 993 598 tantum
1018 519 1064 594 de
1087 519 1236 614 pecori.

22 673 28 698 .
148 625 216 698 bus
242 622 408 714 improbe
431 617 620 696 vescantur
642 617 829 713 pascentes
847 621 972 716 potius
997 617 1231 716 semetipsos,

120 741 279 802 ¹rerum
314 715 571 818 &dispersum
610 739 754 816 gregem
788 719 949 816 sacient,
997 719 1033 794 dt
1070 719 1109 794 in
1138 730 1241 815 prae·¹

148 819 322 902 danesse
343 821 511 897 omnibus
532 815 653 894 bestiis
676 823 782 918 agri,
823 821 907 896 dum
931 841 1010 896 non
1029 819 1082 894 est
1106 819 1238 917 pastor

65 933 68 948 ⁴
90 933 106 1020 J
147 923 230 998 iilis.
284 919 398 1019 Quod
411 939 594 1014 nunquam
608 921 718 1016 magis
733 915 777 994 fit
794 939 900 1014 quam
916 943 998 996 cum
1012 919 1051 994 in
1064 918 1238 1016 persecu«

79 1045 82 1048 ·
140 1023 252 1098 tione
273 1019 475 1097 destituitur
493 1021 640 1094 ecciesra
655 1041 675 1092 a
693 1021 809 1096 clero.
860 1019 897 1092 si
917 1020 1129 1116 &spiritum
1147 1024 1232 1113 quie

147 1121 366 1218 agnoverit,
405 1120 537 1219 audiet,
550 1115 727 1216 fugitivos
751 1119 996 1206 denotantem.
1063 1117 1180 1196 Porro
1202 1121 1244 1204 sr.

140 1221 236 1316 eos,
274 1223 334 1312 qui
360 1220 459 1318 gregi
482 1209 635 1316 praesitnt
662 1217 813 1316 sugere,
846 1208 934 1296 'cum
958 1219 1034 1314 lupi
1059 1219 1228 1316 irruunt,

146 1341 218 1410 nec
239 1320 372 1413 decet,
405 1320 481 1394 imo
500 1341 570 1394 nec
587 1321 693 1395 licet:
728 1319 787 1412 qui
809 1322 905 1395 enim
922 1321 1030 1396 talem
1045 1317 1230 1416 pastorem

63 1513 66 1521 Ι
146 1422 279 1500 malum
301 1419 583 1514 pronmrciavit,
618 1419 744 1511 utique
762 1418 1086 1513 damnavit(omne
1103 1431 1230 1496 autern
1273 1441 1277 1450 ·

147 1521 247 1613 quod
264 1520 475 1613 damnatur,
501 1521 663 1597 illicitum
684 1515 815 1594 fabium
836 1521 888 1594 esi
906 1523 979 1596 sine
995 1520 1129 1618 dubio)
1138 1519 1228 1596 ideo

145 1620 359 1718 praepofitos
383 1619 538 1694 ecclesie
551 1619 590 1692 in
605 1615 855 1712 persecutione
874 1617 999 1717 fug'ere
1016 1639 1095 1692 non
1113 1639 1232 1713 opor-

72 1755 75 1760 *
149 1723 255 1800 tebit
306 1717 525 1796 Ceterumsr
542 1739 630 1815 grex
645 1718 771 1816 sugere
786 1720 958 1813 deberet,
981 1739 1060 1794 non
1075 1719 1229 1797 deberet

149 1820 360 1918 praeposrtus
387 1820 503 1918 gregis
525 1817 645 1912 stare,
681 1819 755 1893 srne
781 1817 895 1893 caussa
908 1817 1070 1894 staturus
1096 1821 1140 1894 ed
1169 1833 1232 1892 tn«

34 1945 36 1952 ·
143 1919 406 2118 foggarrrsgregr's:
433 1939 539 2016 quem
556 1939 646 2018 grex
662 1939 741 1994 non
758 1917 994 2018 desideraret,
1019 1917 1228 1996 exbcentir

211 2041 240 2092 ae
276 2021 407 2102 cilicet
1262 2036 1266 2044 ’

228 2235 284 2292 12.
312 2215 425 2316 Quod
444 2217 921 2315 pertinertfraterndtuurn
936 2217 1143 2314 problema,
1158 2219 1222 2294 ha-

146 2313 214 2392 ber
226 2311 409 2392 sententie
430 2317 561 2392 nostrre
575 2317 844 2412 responsionem
862 2321 896 2394 dr
914 2319 1221 2395 exhortationem.

148 2413 268 2492 Porro
280 2417 340 2509 qui
351 2419 488 2512 querit,
499 2421 757 2514 anpersecutio
771 2419 939 2518 fugienda
949 2419 1003 2512 sit,
1014 2417 1224 2512 sequentem
1242 2491 1245 2495 .

148 2537 296 2609 quoque
307 2516 536 2609 questionem
547 2515 1050 2622 jamproipiciatneceffeest:
1070 2539 1113 2594 arr
1127 2519 1151 2592 sr
1167 2517 1223 2592 fn·
1241 2591 1246 2604 ,

148 2615 278 2712 giendo
290 2637 367 2690 non
386 2617 456 2712 est,
472 2617 679 2696 redimenda
687 2635 788 2694 certe
797 2621 849 2696 srt.
865 2617 988 2693 'Ultro
1005 2617 1160 2716 igitur&
1176 2618 1223 2692 de
1237 2687 1243 2704 ,

31 2745 35 2758 ·
147 2713 223 2790 hoc
234 2715 300 2790 tibi
313 2713 508 2813 suggeram,
517 2717 691 2794 definiens
708 2717 995 2812 persecutionem
1010 2739 1115 2811 quam
1134 2739 1223 2792 con·

147 2811 306 2890 statnon
319 2815 388 2897 esse
396 2818 613 2916 fugiendam,
628 2819 781 2914 proinde
790 2815 1117 2894 necredimendarn.
1138 2817 1222 2894 Pre-

64 2917 78 2944 ”
148 2913 244 2988 cium
260 2915 417 2992 interest.
459 2917 636 2992 Caetenrm
648 2919 738 2992 sicut
750 2918 834 3016 suga
849 2919 1051 3012 redemptio
1066 2918 1223 3012 gratuite

82 3109 86 3116 Ι
147 3009 222 3106 est,
235 3015 286 3088 ita
298 3015 500 3111 redemptio
516 3017 712 3094 nummaria
723 3015 808 3116 fuge
825 3019 888 3113 esi,
901 3017 1042 3094 certe&
1054 3017 1160 3110 hujus
1176 3019 1221 3092 ti-

99 3179 103 3188 ,
147 3113 320 3189 miditatis
343 3117 529 3194 consilium
544 3119 613 3194 est:
650 3115 750 3210 quod
768 3118 897 3214 times,
923 3117 1097 3219 redimis,
1131 3137 1221 3213 ergo

148 3210 264 3310 fugis:
290 3215 441 3307 pedibus
455 3215 603 3312 stetisti,
625 3217 808 3292 cucurristi
822 3220 994 3311 nummis,
1018 3219 1093 3294 hoc
1107 3215 1221 3310 ipsum

147 3313 248 3404 quod
264 3313 412 3410 stetisti,
438 3337 484 3392 ex
499 3318 752 3416 redemptione
773 3313 901 3414 firgisti.
951 3311 1007 3393 Ut
1028 3329 1148 3392 eutem
1165 3337 1221 3392 re-

148 3411 458 3492 dimes'hominem
472 3431 573 3494 tuum
588 3418 760 3510 nummis,
786 3439 891 3510 quam
909 3439 956 3494 ex
969 3417 1027 3494 sen
1080 3418 1137 3490 'ne
1155 3413 1220 3492 suo
1268 3410 1276 3471 ι’

148 3514 301 3588 redemit
320 3513 500 3613 Christus,
525 3539 630 3611 quam
646 3515 829 3614 indignum
841 3518 975 3594 Deodt
989 3439 1219 3612 difpuofitione

144 3612 895 3811 ξιτιιιιιιττξξξτψ
918 3621 1217 3813 tritri:

145 3812 208 3904 qui
226 3828 379 3916 rerrqumn
396 3767 524 3910 rossad
542 3818 707 3894 ordinm
719 3743 842 3896 digus
858 3739 922 3921 ἐξ
942 3817 982 3900 dt
996 3839 1151 3920 torquem
1164 3844 1216 3915 age

56 3961 57 3966 ,
295 3972 300 3984 ,
589 3989 599 4000 .
874 3935 879 3947 ’
1100 3943 1165 3994 m
