2572 4332
117 239 525 323 Arotoeertcus
548 256 808 320 abversus
833 260 1034 350 cannes.
1064 261 1132 320 121

7 423 10 474 l
53 403 190 484 Christi
207 401 424 497 adventum,
448 415 589 497 quantae
607 403 725 480 clades
739 401 866 479 orbem
885 402 919 477 u
935 401 1061 477 urbem
1076 425 1134 478 ce·
1276 435 1277 476 r

7 501 12 576 l
53 502 261 578 ciderunt?
296 503 461 600 Legimus
484 503 617 577 llieran
636 501 842 598 Anaphen,
869 502 1071 596 &Delon,
1098 503 1133 577 dt

7 657 8 682 r
54 603 243 678 Rhodon.
267 601 394 676 &Con
409 599 537 676 insulas
551 604 671 678 multis
685 625 765 677 cum
779 603 933 680 milhbus
948 603 1134 678 hominum
1249 637 1277 694 η

7 747 8 760 ι
51 701 193 800 pessum
212 699 341 777 abiill'e.
401 693 647 776 Memorat&
669 701 772 776 Plato
790 703 964 796 majorem
984 701 1073 778 Asrae
1099 701 1135 774 dt
1219 711 1222 719 “
1276 697 1277 760 ἱ

7 847 8 856 κ
46 801 192 878 Africe
214 816 345 876 terram
366 799 554 874 Atlantico
573 803 660 876 mari
676 817 846 896 ereptam.
896 799 1016 876 Sed&
1035 821 1136 876 mare

49 901 290 976 Corinthium
311 912 416 974 terrae
433 917 555 974 motus
572 901 705 976 ebibit:
737 899 843 975 &vis
863 899 1037 975 undarum
1062 902 1135 974 Lu÷

52 1004 197 1076 taniam
224 1001 332 1073 ltaliae
356 997 520 1074 abscisam
544 1001 582 1076 in
614 999 742 1076 Sicilie
772 1021 910 1076 nomen
945 1001 1163 1098 relegavit..

7 1137 11 1146 ·
51 1097 149 1177 flac
167 1102 292 1196 utique
305 1121 382 1174 non
401 1099 474 1174 sine
490 1100 619 1194 injuria
633 1099 869 1176 incolentium
893 1101 1056 1174 accidere
1068 1123 1136 1194 po·

53 1213 220 1275 tucrunt.
272 1197 348 1272 Ubi
369 1219 463 1274 vero
487 1213 575 1273 tunc
591 1221 668 1275 non
692 1200 804 1274 dicam
826 1199 975 1276 deonun
999 1199 1137 1273 vestro·

53 1321 139 1376 rum
159 1311 433 1394 contemptores
449 1297 653 1394 Christiani,
680 1297 739 1374 sed
754 1300 814 1392 ipli
835 1299 1025 1394 diivestri,
1052 1319 1137 1378 cunt
1168 1300 1171 1315 '

55 1413 183 1475 totum
200 1399 325 1472 orbem
344 1397 575 1492 cataclysmus
595 1397 791 1472 aboleuit?
815 1401 875 1474 vel
894 1414 937 1472 ut
954 1399 1054 1472 Plato
1074 1419 1138 1494 pu·

7 1523 9 1572 ε
55 1501 177 1591 tavit,
201 1497 395 1591 cunpcstre
415 1495 683 1574 solummodol'
698 1495 921 1579 Posteriores
942 1499 1037 1572 enim
1054 1497 1139 1572 illos

58 1601 165 1676 clade
185 1597 309 1672 diluvii
344 1597 593 1672 contestantur
615 1595 695 1692 ipsae
712 1597 819 1672 urbes
846 1601 881 1672 in
910 1601 1035 1694 quibus
1062 1597 1140 1672 nati
1277 1627 1278 1652 r

7 1767 8 1770 u
61 1699 275 1790 mortuique
301 1693 404 1790 sunt,
440 1699 547 1774 etiarn
572 1719 659 1792 quas
686 1697 936 1774 condiderunt.
1004 1697 1140 1790 Neque

58 1795 159 1874 'enim
180 1799 261 1871 alias
282 1797 319 1872 in
333 1797 547 1872 hodiernum
562 1811 770 1892 manerent,
796 1797 860 1872 nist
879 1795 1138 1894 &ipsaepostu

7 1943 8 1948 Ν
61 1919 131 1972 mee
152 1898 259 1971 cledis
283 1897 387 1972 illius.
439 1895 614 1998 Nondum
626 1896 785 1995 Judaeum
801 1898 844 1972 ab
862 1895 919 1969 Ae
970 1909 1036 1992 pto
1057 1917 1140 1970 exa·

59 2019 147 2076 rnen
175 1995 355 2072 Palaestina
382 1991 611 2092 susceperat,
652 2019 723 2074 nec
747 1997 818 2095 jam
843 1999 914 2072 illic
965 1995 1140 2072 luistiane

7 2125 8 2170 s
59 2093 162 2174 setta
181 2098 285 2194 origo
311 2091 541 2190 consederat,
577 2118 685 2190 quum
703 2100 869 2194 regiones
892 2116 933 2171 ac
952 2091 1042 2172 fines
1062 2097 1139 2190 ejus

8 2269 10 2288 ι
60 2195 224 2272 Sodoma
242 2195 275 2268 dt
296 2193 478 2269 Gomorra
494 2195 618 2292 igneus
643 2197 758 2271 imber
783 2194 918 2274 exussit.
971 2195 1060 2270 Olet
1079 2195 1139 2269 ad-

8 2331 9 2368 ;
61 2295 134 2368 huc
157 2291 327 2368 incendio
348 2309 466 2388 terra,
488 2289 561 2369 &sr
582 2317 652 2390 qua
671 2297 744 2369 illic
762 2294 934 2372 arborum
948 2317 1058 2400 poma
1076 2315 1139 2370 co·
1226 2291 1228 2296 ’

61 2412 224 2488 uantur,
253 2394 367 2466 oculis
378 2407 507 2488 tenus,
536 2407 697 2470 ceterum
717 2393 883 2470 concaua
902 2392 1140 2470 cinerescunt.

8 2521 9 2566 l
59 2491 130 2568 ¹Sed
147 2515 219 2570 nec
240 2491 372 2567 Tuscia
395 2505 503 2586 atque
525 2491 718 2592 Campania
733 2496 778 2569 de
797 2495 1002 2572 Christianis
1016 2513 1143 2587 quere·

60 2593 191 2687 battu,
226 2613 336 2688 quum
360 2593 547 2670 Volsinios
570 2593 615 2668 de
641 2595 756 2690 coelo,
796 2593 872 2668 Tar
899 2595 978 2687 eJ'os
1004 2593 1048 2668 de
1073 2589 1139 2666 suo

8 2759 9 2778 ,
63 2707 193 2772 monte
224 2689 384 2788 perfudit
405 2692 510 2790 ignis.
569 2689 692 2767 Nemo
726 2694 842 2768 adhuc
873 2617 1001 2770 Rome
1031 2693 1140 2768 deum
1250 2687 1253 2700 '

8 2801 10 2852 ῑ
63 2813 189 2868 verum
202 2793 403 2886 adorabat,
432 2813 514 2868 cum
523 2789 680 2868 Annibal
691 2793 784 2889 apud
796 2789 936 2868 Cannas
947 2793 1138 2870 Romanos
1237 2817 1241 2834 ·

67 2895 240 2986 annulos,
278 2893 391 2966 cades
418 2889 524 2987 suas,
561 2891 688 2967 modio
717 2893 944 2969 metiebatur.
997 2891 1138 2969 Omnes
1255 2893 1258 2900 '

8 3043 9 3054 a
66 2989 110 3066 dii
129 2991 240 3068 vestri
258 2991 301 3066 eb
321 2991 487 3066 omnibus
504 2993 744 3086 colebantur,
772 3015 853 3068 cum
865 2991 977 3090 ipsum
990 2991 1138 3087 Capito·

8 3139 10 3154 r
65 3091 151 3166 lium
177 3091 341 3168 Senones
363 3106 650 3188 occupaverunt.
701 3089 751 3166 Et
767 3095 861 3168 bene
889 3091 1031 3186 quodst
1053 3089 1140 3186 quid

67 3191 204 3268 adversi
229 3191 359 3265 accidit
388 3191 565 3286 urbibus,
604 3189 737 3268 eedem
770 3193 888 3266 clades
919 3193 1142 3287 templorum

69 3309 143 3382 quae
159 3293 193 3365 dc
212 3291 380 3366 moenium
400 3289 569 3367 lirenurt:
588 3305 631 3365 ut
646 3293 719 3386 jam
738 3291 814 3365 boc
831 3293 1035 3386 revincam,
1058 3309 1138 3362 non

69 3391 182 3488 adeis
203 3389 377 3486 evenire,
404 3391 537 3486 quia&
558 3391 639 3486 ipris
662 3391 797 3470 evenit.
847 3389 996 3486 Semper
1018 3389 1140 3466 huma·

9 3537 10 3540 a
70 3505 113 3562 ua
140 3511 226 3588 gens
250 3489 342 3566 male
372 3489 418 3564 de
444 3491 515 3566 deo
534 3491 678 3568 meruit.
712 3491 997 3592 primoquidem
1020 3501 1064 3564 ut
1087 3489 1139 3562 in·

73 3585 226 3666 officiosa
251 3591 349 3686 eJus,
375 3608 482 3684 quem
507 3611 588 3666 cum
608 3591 824 3687 intelligeret
840 3611 886 3665 ex
910 3593 1036 3686 parte,
1060 3607 1140 3664 non
1255 3676 1258 3685 y

72 3681 182 3765 solum
196 3711 275 3766 non
292 3687 479 3782 requisivit
492 3691 710 3788 timendum,
727 3687 789 3766 sed
804 3689 939 3766 &alios
954 3687 1017 3764 fibi
1032 3689 1137 3762 citius

73 3805 275 3866 commenta
289 3787 340 3864 est
358 3811 451 3881 quos
473 3793 632 3867 coleret:
663 3787 793 3866 dehinc
817 3789 917 3884 quod
934 3809 1009 3862 non
1023 3787 1138 3881 inqui·

9 3887 11 3968 i
72 3887 182 3996 teudo
198 3889 420 3967 innocentie
436 3889 659 3992 magislnim,
686 3889 725 3966 δι
737 3887 918 3970 nocentia
930 3889 1086 4066 iufflgm
1103 3887 1141 3964 dr

422 4059 432 4078 .
559 3993 646 4092 Hs
948 4011 993 4067 ex
1050 4007 1091 4064 o·
1195 3991 1199 4000 '
