2612 4328
251 160 257 178 ⁸
375 143 930 280 {celantissimos
965 201 1002 264 “.
1120 207 1197 295 ιγς

119 357 222 434 cidi
210 379 249 434 nr
275 359 547 453 perditionem?
582 357 780 434 Nauseabit
801 358 845 434 ad
870 357 1103 456 antidotum,
1130 363 1201 509 qui

118 459 233 534 hiavit
250 460 522 535 adventuum?
609 506 611 518 ›
1230 525 1233 538 .

2 557 7 572 '
191 567 225 634 ⁶
251 557 322 634 Sed
340 561 375 634 δι
394 559 597 634 certaminis
615 561 762 634 nomine
780 557 881 631 Deus
896 560 1003 634 nobis
1020 560 1193 653 martyria

116 659 315 756 proponit,
351 681 417 754 per
456 682 534 753 quae
568 679 649 731 cum
687 657 890 734 adversario
922 661 1191 756 experiremur,
1273 739 1279 748 ⁸

117 771 158 832 ut
175 782 208 834 a
206 781 285 854 quo
302 762 456 834 libenter
475 761 589 834 homo
615 755 717 832 elisus
738 759 809 852 est,
835 774 917 834 eum
935 761 1007 851 iam
1027 757 1192 834 constan
1211 829 1213 832 .
1285 755 1288 763 ’

115 871 173 932 ter
190 861 319 934 elidat.
346 861 404 936 hic
424 879 569 952 quoque
588 859 781 932 liberalitas
796 861 905 953 magis
931 881 1036 950 quam
1054 861 1189 934 acerbi·
1213 921 1223 960 .

115 970 170 1032 tas
189 959 261 1032 Dei
280 959 415 1050 praeest.
467 958 638 1032 Evulsum
663 959 758 1032 enim
780 958 962 1032 hominem
988 958 1033 1032 de
1056 959 1214 1036 diaboli·

112 1060 198 1156 gula
216 1079 282 1152 per
300 1055 467 1172 fidem,
454 1081 526 1151 Jam
542 1059 577 1132 &
596 1058 857 1132 inculcatorem
881 1079 957 1152 ejus
975 1059 1097 1130 voluit
1119 1057 1189 1140 effi÷

113 1177 201 1259 aare
217 1177 283 1250 per
301 1157 491 1236 virtutem:
541 1181 587 1232 ne
607 1157 834 1232 solummodo
852 1156 1034 1254 evasisset,
1061 1179 1190 1232 verum

82 1250 227 1332 'etiarn
261 1256 445 1330 devicisset
483 1260 673 1333 inimicum.
744 1255 921 1351 Amavit,
964 1277 1043 1351 quae
1075 1277 1193 1332 vocas

112 1371 223 1430 verat
260 1357 297 1430 in
329 1357 503 1453 salutem,
545 1360 703 1432 invitare
744 1359 789 1430 ad
827 1361 1006 1454 gloriam:
1044 1371 1086 1432 ut
1126 1349 1225 1450 qui'

113 1456 328 1554 gaudeamus
346 1457 508 1552 liberati,
534 1461 736 1532 exultemus
749 1457 856 1531 etiam
872 1457 1050 1532 coronati.
1087 1454 1190 1556 Ago·

73 1593 76 1604 ·
114 1577 177 1630 nas
200 1556 311 1649 istos,
347 1557 577 1630 contentiosa
601 1558 762 1631 solennia
787 1557 822 1630 dt
847 1555 1084 1649 superstitiosa
1111 1579 1188 1630 cer-

65 1655 67 1658 ’
114 1657 248 1729 unsina
290 1655 498 1730 Graecarum
529 1655 566 1728 dt
606 1657 823 1753 religionum
860 1655 913 1728 dt
934 1659 1188 1751 voluptatum,

113 1767 248 1848 quanta
261 1757 374 1850 gratia
390 1753 546 1832 seculum
562 1757 747 1848 celebret,
774 1755 880 1828 etiam
900 1753 1033 1830 Africae
1048 1756 1188 1872 liquuit.

113 1853 248 1930 ‘Adhuc
271 1854 520 1952 Carthaginem
545 1857 686 1952 fingulae
709 1855 876 1929 civitates
900 1857 1209 1952 grautland01n-·
1242 1918 1248 1932 .

111 1955 299 2050 quierant,
325 1954 496 2030 donatam
518 1953 672 2048 Pythico
696 1975 832 2050 agone,
866 1951 949 2050 post
967 1953 1067 2028 stadii
1091 1953 1198 2040 sene,

115 2051 258 2128 dautem.
309 2053 363 2138 lta
379 2055 423 2128 ab
438 2077 521 2127 aevo
540 2055 669 2152 dignis
671 2076 767 2128 mum
791 2055 967 2128 creditum
985 2053 1038 2128 est
1055 2053 1189 2130 studio·

113 2153 520 2248 rumesperimenturn,
544 2157 772 2231 committere
794 2169 910 2248 artes,
937 2175 1135 2248 corporum
1153 2155 1190 2230 ta

113 2273 262 2326 vocum¹
274 2253 508 2349 prestantium
531 2255 755 2347 expendere,
781 2255 929 2347 praemio
946 2253 1086 2348 indice,
1111 2253 1194 2348 spe*v

113 2351 256 2426 ttaculo
278 2353 422 2446 judice,
454 2352 630 2427 sententia
650 2356 863 2448 voluptate:
896 2373 965 2446 qua
986 2355 1085 2426 nulla
1107 2351 1187 2427 sunt

112 2453 257 2550 prelia,
282 2455 457 2528 nonnulla
481 2452 561 2527 sunt
580 2456 754 2545 vulnera,
779 2456 887 2548 pugni
912 2449 1091 2544 quassant,
1117 2455 1188 2526 cal·
1237 2445 1246 2459 '

114 2573 178 2626 ees
193 2555 365 2647 arietant,
410 2552 532 2629 caestus
568 2553 760 2646 dilaniant,
798 2551 938 2648 flagella
968 2551 1214 2630 dilacerante,
1279 2593 1282 2602 ·

112 2673 225 2728 nemo
243 2665 362 2726 tamen
377 2655 502 2750 agonis
521 2653 698 2746 praesidem
713 2649 976 2748 suggillaverit,
1003 2653 1103 2744 quod
1118 2653 1186 2726 ho·

113 2752 228 2827 mines
253 2753 624 2846 violantiaeobjetlat.
672 2751 884 2844 Iniuriarum
905 2749 1061 2836 actiones
1083 2767 1187 2826 extra

112 2851 282 2926 stadium:
308 2850 368 2926 sed
385 2866 557 2945 quantum
572 2853 701 2926 livoris
717 2853 767 2924 illi
786 2851 980 2926 &cruores
996 2849 1185 2925 &vibices
1292 2883 1299 2896 ·

111 2951 347 3046 npgotiantur
361 2953 537 3046 intendis,
556 2973 712 3025 coronas
730 2949 888 3042 scilicet,
906 2951 940 3022 dc
961 2953 1132 3066 gloriam,
1149 2951 1185 3024 dt

111 3047 454 3226 libiadis
466 3005 1183 3226 trististristisillisit

112 3249 286 3342 nitatem,
300 3173 344 3324 dle
357 3175 530 3328 memgria
544 3175 848 3325 reiarreetionem.
882 3247 1009 3340 Pydies
1023 3247 1183 3342 ipsenon
1264 3281 1268 3298 ·

1 3427 2 3430 p
113 3349 296 3444 querimr,
323 3350 448 3426 dolere
465 3351 500 3425 se
517 3373 594 3425 non
612 3353 718 3439 vult3
746 3369 885 3440 corona
907 3349 1039 3444 premit
1056 3349 1183 3420 vulne-
1299 3405 1300 3408 ι

1 3507 3 3531 ι
112 3469 175 3541 ra,
199 3451 315 3564 palma
336 3449 538 3564 sanguinem
561 3453 748 3536 obscuram
775 3451 854 3542 plus
878 3447 1108 3522 vidioriatum
1131 3447 1184 3520 est

1 3547 2 3568 ¹
113 3567 220 3640 quam
238 3549 453 3642 injuriatum.
505 3551 613 3624 Hunc
628 3567 669 3622 tu
682 3549 798 3624 laesum
814 3545 1049 3640 existimabis,
1076 3566 1183 3638 quern

1 3661 2 3676 ¹
111 3647 216 3722 vides
234 3649 380 3724 latum?
406 3650 476 3724 Sed
495 3671 563 3723 nec
584 3649 701 3724 vietus
728 3647 801 3744 ipse
822 3648 865 3720 de
887 3646 1112 3740 agonotheta
1126 3667 1182 3720 ca-

111 3743 188 3822 sum
205 3747 304 3824 suum
324 3751 569 3844 exprobrabit.
607 3749 728 3824 Deum
748 3747 937 3824 dedecebit
957 3763 1051 3820 artes
1068 3745 1101 3818 δι
1118 3745 1182 3818 dis-

112 3845 354 3945 ciplinassuas
375 3849 564 3926 educere
554 3872 591 3926 m
617 3847 831 4022 msedium,
821 3867 859 3920 m
879 3844 953 3920 lroc
978 3843 1087 4018 legali
1109 3844 1183 3939 spa·
1221 3852 1251 3944 J

687 3969 709 4024 s
780 4003 783 4010 .
1036 3966 1131 4040 rum,
