2612 4328
142 95 218 172 300
286 77 334 176 Q.
361 68 499 183 Sarr.
526 71 673 150 Faon.
700 71 1103 158 Tonantium,
1189 170 1193 186 Β

18 245 19 286 ³
145 235 240 332 quali
264 236 406 310 ctthnen
425 233 682 310 dominationis
710 233 925 330 excipitur?
958 235 1029 310 Sed
1052 239 1160 314 etiam
1176 245 1234 316 al·

144 339 257 414 terius
281 336 408 412 fomae
427 357 555 432 reges,
583 338 643 430 qui
659 336 848 434 singulares
867 339 905 410 in
925 337 1063 412 unione
1082 338 1232 434 imperii

140 435 322 534 presunt,
355 436 380 511 ir
400 437 439 510 in
462 438 715 532 minutalibus,
750 451 794 510 ut
815 437 866 512 ita
890 437 1067 531 dixerim,
1103 441 1233 536 regnis

92 558 95 566 ·
145 539 304 632 undique
323 535 559 610 conserantur
570 537 610 610 ln
628 537 953 632 examinationem,
980 559 1050 632 qua
1067 539 1231 638 constet,

148 637 226 732 quis
252 659 380 711 ennam
400 639 582 732 praecellat
599 640 636 710 in
660 635 859 715 substantiis
880 638 916 712 a
938 639 1074 712 viribus
1097 642 1229 738 regni,

144 737 184 812 in
206 759 319 812 unum
334 737 475 812 necesse
493 737 544 811 est
558 735 736 812 summitas
753 737 1005 834 magnitudinis
1024 740 1229 836 eliquetur,

116 891 118 899 ,
147 841 315 912 omnibus
338 837 512 935 gradatim
531 859 595 932 per
626 839 905 930 comparationis
925 839 1061 914 exitum
1085 839 1130 911 de
1151 863 1230 914 ma·

145 939 342 1036 gnitudinis
355 937 487 1014 summa
501 937 664 1034 expressis
683 938 717 1010 dr
733 939 894 1012 exclusis.
946 937 1079 1032 Adeo,
1107 940 1169 1014 etsi
1188 941 1231 1016 in

145 1037 302 1132 disperso
322 1039 551 1114 multifarium
575 1038 722 1110 videtur
745 1036 917 1114 summum
939 1060 1127 1134 magrrum,
1154 1033 1228 1114 suis

143 1139 308 1234 viribus,
335 1138 372 1212 st
400 1137 460 1212 sua
490 1132 657 1232 natura,
680 1137 714 1210 dr
738 1136 802 1210 suo
837 1138 952 1234 statu,
978 1139 1125 1214 unicum
1160 1140 1226 1218 est.

145 1237 326 1332 Proinde,
353 1259 436 1312 cum
452 1238 525 1312 duo
541 1237 605 1310 Dii
624 1238 881 1332 conferuntur,
908 1251 951 1312 ut
968 1240 1042 1312 duo
1063 1261 1166 1334 reges
1188 1239 1227 1314 st
1246 1277 1251 1282 ·

145 1340 219 1414 duo
247 1338 379 1413 summa
395 1357 541 1433 magna,
576 1341 614 1410 in
635 1339 786 1412 alterum
811 1339 991 1414 concedat
1007 1337 1148 1414 necesse
1172 1341 1227 1416 est

143 1439 232 1512 unio
247 1435 371 1513 summi
386 1439 525 1536 magni,
552 1459 599 1512 ex
615 1437 790 1512 sententia
800 1441 1111 1538 comparationis,
1138 1442 1225 1532 quia

63 1623 68 1640 x
142 1535 375 1616 summum'ex
391 1537 543 1612 viitoria
557 1535 618 1612 sua
633 1537 795 1634 constat,
822 1537 988 1631 superato
1006 1541 1134 1614 aemulo
1151 1542 1226 1614 alio

66 1703 70 1708 .
142 1661 300 1739 magne,
334 1660 412 1714 non
449 1649 568 1712 tamen
601 1637 758 1728 summ03
794 1653 901 1732 atque
936 1661 982 1714 ex
1015 1639 1224 1716 desettione

142 1741 259 1814 aemuli
278 1737 506 1814 solitudinem
533 1739 707 1830 quandam
730 1739 775 1814 de
794 1739 1035 1836 singularitate
1054 1738 1222 1833 praestan·

25 1840 34 1858 “
137 1837 200 1914 tiae'
219 1839 287 1916 suae
302 1837 502 1934 possidens,
528 1839 673 1920 unicum
692 1838 757 1914 est..
778 1838 1015 1916 Inelutlabilis
1033 1838 1097 1914 iste
1118 1861 1221 1916 com-

141 1941 271 2036 plexus
292 1941 329 2012 in
348 1941 422 2013 hoc
439 1937 651 2014 sententiam
666 1937 900 2041 constringit,
927 1953 988 2012 aut
1001 1940 1222 2036 negandum,

140 2037 263 2114 Deum
289 2039 358 2114 else
383 2037 555 2114 summurn
576 2059 764 2137 magnum,
801 2037 901 2132 quod
923 2059 1032 2114 nemo
1060 2039 1220 2136 patiettu

140 2139 299 2236 sapiens,
326 2139 492 2213 aut-nulli
507 2139 564 2212 alii
580 2139 926 2240 communicandum.

26 2245 32 2252 ’
219 2261 253 2332 5.
279 2239 357 2314 Aut
379 2259 456 2332 quae
474 2242 568 2314 tatio
589 2239 662 2316 duo
685 2238 817 2316 summa
837 2261 966 2415 magna
985 2240 1215 2338 composuit?

108 2383 113 2390 ·
138 2336 262 2420 Primo
277 2343 371 2414 enim
390 2341 549 2437 exigam,
577 2361 734 2440 eurnon
750 2341 871 2434 plura,
910 2366 922 2415 1
942 2339 1042 2414 duo?
1069 2343 1215 2432 quando

137 2441 420 2536 locupletiorem
437 2453 630 2534 oporteret
649 2441 747 2516 credi
762 2439 989 2516 substantiam
1004 2441 1217 2536 divinitatis,

104 2530 111 2545 ’
137 2543 164 2618 si
188 2531 414 2637 competeret
446 2541 480 2614 ei
508 2562 689 2618 numerus.
751 2537 951 2616 Honestior
977 2541 1218 2616 &liberalior

137 2641 380 2737 Valentinus,
407 2643 468 2734 qui
493 2641 594 2716 simul
610 2639 711 2715 ausus
737 2641 788 2726 est
808 2642 900 2716 duos
929 2641 1123 2734 concipere
1146 2641 1217 2734 By·

137 2741 254 2816 thium
271 2741 447 2839 &Sigen,
471 2755 569 2834 turn,
595 2739 705 2834 usque
727 2743 773 2818 ad
787 2739 887 2814 XXX
913 2761 1058 2816 aeonum
1076 2739 1214 2837 foetus,

138 2857 308 2935 tanquam
328 2841 502 2915 Aeoneiae
517 2836 665 2934 scrofae,
692 2863 842 2916 examen
859 2841 1055 2916 divinitatis
1072 2838 1214 2920 effudit.

28 2952 31 2960 ’
139 2945 375 3044 Quaeramque
390 2941 485 3016 ratio
503 2941 606 3036 plura
623 2939 754 3016 summa
768 2963 897 3038 magna
911 2961 988 3014 non
1002 2941 1136 3034 patitur
1154 2941 1216 3014 ad·

136 3043 254 3134 mitti,
272 3043 394 3116 eadem
411 3063 480 3115 nee
497 3039 593 3136 duo,
612 3041 733 3135 utipsa
742 3043 865 3136 plura,
880 3041 970 3136 ,post
979 3062 1100 3116 unum.
1125 3039 1212 3115 Post

135 3161 248 3216 unum
269 3143 385 3235 enim,
410 3162 592 3218 numerus.
681 3163 735 3220 uae
754 3143 878 3236 potuit
901 3141 974 3214 duo
996 3141 1212 3236 admittere,

135 3242 262 3316 eadem
280 3243 427 3335 potuit,
455 3241 621 3336 &plura
703 3241 759 3316 ost
779 3243 852 3314 duo
876 3241 971 3316 enim
993 3241 1211 3336 multitudo,

134 3341 272 3416 unione
286 3342 359 3436 jam
384 3339 531 3417 excessa.
581 3341 750 3434 Denique
773 3341 866 3434 apud
887 3363 956 3416 nos
980 3343 1036 3414 vis
1058 3341 1211 3418 rationis

134 3441 232 3518 istius
262 3439 338 3536 ipso
376 3442 534 3515 termino
574 3442 693 3535 plures
726 3441 830 3514 Deos
860 3443 957 3516 credi
993 3461 1070 3514 non
1102 3439 1210 3536 finit,

134 3541 235 3632 quod
253 3563 322 3615 nec
342 3541 433 3616 duos
453 3541 517 3620 illa
534 3541 678 3636 regula,
703 3561 815 3617 unum
831 3539 955 3614 Deum
970 3539 1112 3633 sistens,
1140 3563 1212 3632 qua

133 3639 256 3716 Deum
268 3641 305 3714 id
320 3639 388 3715 elie
405 3653 599 3734 oporteat,
626 3642 684 3714 cui
702 3641 790 3714 nihil
809 3642 1037 3732 adaequetur,
1062 3655 1105 3712 ut
1121 3635 1211 3714 surn-

18 3825 19 3828 ,
130 3759 194 3818 mo
215 3761 368 3840 magno:
394 3742 539 3818 unicum
556 3751 676 3819 autem
703 3741 769 3837 sit,
807 3743 863 3814 cui
881 3739 970 3815 nihil
991 3739 1209 3834 adaquatur.

1081 3841 1160 3936 Jaan
