<?xml version="1.0" encoding="UTF-8"?>
<!DOCTYPE html PUBLIC "-//W3C//DTD XHTML 1.0 Transitional//EN"
    "http://www.w3.org/TR/xhtml1/DTD/xhtml1-transitional.dtd">
<html xmlns="http://www.w3.org/1999/xhtml" xml:lang="en" lang="en">
 <head>
  <title>
</title>
<meta http-equiv="Content-Type" content="text/html;charset=utf-8" />
  <meta name='ocr-system' content='tesseract 3.04.00' />
  <meta name='ocr-capabilities' content='ocr_page ocr_carea ocr_par ocr_line ocrx_word'/>
</head>
<body>
  <div class='ocr_page' id='page_1' title='image "./operaomnia01tertgoog/operaomnia01tertgoog_0276.png"; bbox 0 0 2612 4328; ppageno 0'>
   <div class='ocr_carea' id='block_1_1' title="bbox 78 189 1076 302">
    <p class='ocr_par' dir='ltr' id='par_1_1' title="bbox 78 189 1076 302">
     <span class='ocr_line' id='line_1_1' title="bbox 78 189 1076 302; baseline 0.011 -31"><span class='ocrx_word' id='word_1_1' title='bbox 78 232 88 271; x_wconf 65' lang='lat' dir='ltr'>r</span> <span class='ocrx_word' id='word_1_2' title='bbox 147 216 219 295; x_wconf 78' lang='lat'>240</span> <span class='ocrx_word' id='word_1_3' title='bbox 297 193 679 302; x_wconf 66' lang='lat' dir='ltr'>Qsssrrr.l&#39;ton</span> <span class='ocrx_word' id='word_1_4' title='bbox 703 189 1076 282; x_wconf 76' lang='lat' dir='ltr'>an&#39;ronnrnnr</span> 
     </span>
    </p>
   </div>
   <div class='ocr_carea' id='block_1_2' title="bbox 6 357 1300 4068">
    <p class='ocr_par' dir='ltr' id='par_1_2' title="bbox 146 357 1300 660">
     <span class='ocr_line' id='line_1_2' title="bbox 146 357 1300 465; baseline 0.006 -27"><span class='ocrx_word' id='word_1_5' title='bbox 146 361 369 462; x_wconf 77' lang='lat' dir='ltr'>penderent,</span> <span class='ocrx_word' id='word_1_6' title='bbox 394 380 473 454; x_wconf 82' lang='lat' dir='ltr'>que</span> <span class='ocrx_word' id='word_1_7' title='bbox 489 363 599 456; x_wconf 84' lang='lat' dir='ltr'>plone·</span> <span class='ocrx_word' id='word_1_8' title='bbox 608 361 731 438; x_wconf 89' lang='lat' dir='ltr'>Parthi</span> <span class='ocrx_word' id='word_1_9' title='bbox 746 383 811 458; x_wconf 87' lang='lat' dir='ltr'>per</span> <span class='ocrx_word' id='word_1_10' title='bbox 833 365 956 439; x_wconf 86' lang='lat' dir='ltr'>omnia</span> <span class='ocrx_word' id='word_1_11' title='bbox 974 385 1123 459; x_wconf 76' lang='lat' dir='ltr'>quaque</span> <span class='ocrx_word' id='word_1_12' title='bbox 1146 365 1225 465; x_wconf 77' lang='lat' dir='ltr'>nu,</span> <span class='ocrx_word' id='word_1_13' title='bbox 1298 357 1300 408; x_wconf 68' lang='lat'>³</span> 
     </span>
     <span class='ocr_line' id='line_1_3' title="bbox 147 459 1227 565; baseline 0.005 -28"><span class='ocrx_word' id='word_1_14' title='bbox 147 465 323 540; x_wconf 87' lang='lat' dir='ltr'>bullarum</span> <span class='ocrx_word' id='word_1_15' title='bbox 337 463 421 534; x_wconf 88' lang='lat' dir='ltr'>vice</span> <span class='ocrx_word' id='word_1_16' title='bbox 435 459 605 536; x_wconf 88' lang='lat' dir='ltr'>inserunt.</span> <span class='ocrx_word' id='word_1_17' title='bbox 657 464 870 565; x_wconf 85' lang='lat' dir='ltr'><strong>Quanquam</strong></span> <span class='ocrx_word' id='word_1_18' title='bbox 898 463 934 537; x_wconf 73' lang='grc' dir='ltr'>ἀ</span> <span class='ocrx_word' id='word_1_19' title='bbox 949 487 1074 542; x_wconf 89' lang='lat' dir='ltr'>aurum</span> <span class='ocrx_word' id='word_1_20' title='bbox 1093 467 1227 564; x_wconf 88' lang='lat' dir='ltr'>ipsum,</span> 
     </span>
     <span class='ocr_line' id='line_1_4' title="bbox 149 559 1229 660; baseline 0.002 -20"><span class='ocrx_word' id='word_1_21' title='bbox 149 565 250 656; x_wconf 76' lang='lat' dir='ltr'>cuius</span> <span class='ocrx_word' id='word_1_22' title='bbox 271 583 341 635; x_wconf 85' lang='lat' dir='ltr'>vos</span> <span class='ocrx_word' id='word_1_23' title='bbox 361 563 478 659; x_wconf 87' lang='lat' dir='ltr'>gloria</span> <span class='ocrx_word' id='word_1_24' title='bbox 494 559 680 656; x_wconf 79' lang='lat' dir='ltr'>occupat,</span> <span class='ocrx_word' id='word_1_25' title='bbox 698 563 837 638; x_wconf 85' lang='lat' dir='ltr'>cuidorn</span> <span class='ocrx_word' id='word_1_26' title='bbox 851 565 949 660; x_wconf 90' lang='lat' dir='ltr'>genti</span> <span class='ocrx_word' id='word_1_27' title='bbox 971 564 1014 640; x_wconf 89' lang='lat' dir='ltr'>ad</span> <span class='ocrx_word' id='word_1_28' title='bbox 1028 569 1148 641; x_wconf 90' lang='lat' dir='ltr'>vincla</span> <span class='ocrx_word' id='word_1_29' title='bbox 1164 569 1229 642; x_wconf 91' lang='lat' dir='ltr'>ser·</span> 
     </span>
    </p>

    <p class='ocr_par' dir='ltr' id='par_1_3' title="bbox 90 659 1300 760">
     <span class='ocr_line' id='line_1_5' title="bbox 90 659 1300 760; baseline 0.003 -22"><span class='ocrx_word' id='word_1_30' title='bbox 90 701 94 710; x_wconf 59' lang='grc'><strong>«</strong></span> <span class='ocrx_word' id='word_1_31' title='bbox 147 665 229 739; x_wconf 86' lang='lat' dir='ltr'>vire</span> <span class='ocrx_word' id='word_1_32' title='bbox 247 661 411 736; x_wconf 87' lang='lat' dir='ltr'>referunt</span> <span class='ocrx_word' id='word_1_33' title='bbox 436 659 632 736; x_wconf 89' lang='lat' dir='ltr'>Gentilium</span> <span class='ocrx_word' id='word_1_34' title='bbox 657 661 799 740; x_wconf 79' lang='lat' dir='ltr'>littere.</span> <span class='ocrx_word' id='word_1_35' title='bbox 850 662 957 736; x_wconf 87' lang='lat' dir='ltr'>Adeo</span> <span class='ocrx_word' id='word_1_36' title='bbox 971 685 1048 738; x_wconf 93' lang='lat' dir='ltr'>non</span> <span class='ocrx_word' id='word_1_37' title='bbox 1070 669 1230 743; x_wconf 86' lang='lat' dir='ltr'>veritate</span> <span class='ocrx_word' id='word_1_38' title='bbox 1298 711 1300 760; x_wconf 36' lang='grc' dir='ltr'><strong>ἑ</strong></span> 
     </span>
    </p>

    <p class='ocr_par' dir='ltr' id='par_1_4' title="bbox 59 755 1300 860">
     <span class='ocr_line' id='line_1_6' title="bbox 59 755 1300 860; baseline -0.002 -20"><span class='ocrx_word' id='word_1_39' title='bbox 59 755 62 760; x_wconf 72' lang='grc'><strong>’</strong></span> <span class='ocrx_word' id='word_1_40' title='bbox 148 761 246 840; x_wconf 82' lang='lat' dir='ltr'>l&#39;rona</span> <span class='ocrx_word' id='word_1_41' title='bbox 271 760 374 858; x_wconf 82' lang='lat' dir='ltr'>sunt,</span> <span class='ocrx_word' id='word_1_42' title='bbox 397 757 457 834; x_wconf 89' lang='lat' dir='ltr'>sed</span> <span class='ocrx_word' id='word_1_43' title='bbox 475 763 638 838; x_wconf 80' lang='lat' dir='ltr'>raritate:</span> <span class='ocrx_word' id='word_1_44' title='bbox 664 781 729 854; x_wconf 91' lang='lat' dir='ltr'>per</span> <span class='ocrx_word' id='word_1_45' title='bbox 754 765 899 860; x_wconf 79' lang='lat' dir='ltr'><strong>angelos</strong></span> <span class='ocrx_word' id='word_1_46' title='bbox 921 779 1039 838; x_wconf 89' lang='lat' dir='ltr'>autem</span> <span class='ocrx_word' id='word_1_47' title='bbox 1058 783 1230 858; x_wconf 87' lang='lat' dir='ltr'>peccato·</span> <span class='ocrx_word' id='word_1_48' title='bbox 1298 787 1300 838; x_wconf 85' lang='lat' dir='ltr'>l</span> 
     </span>
    </p>

    <p class='ocr_par' dir='ltr' id='par_1_5' title="bbox 79 857 1300 1554">
     <span class='ocr_line' id='line_1_7' title="bbox 148 857 1300 958; baseline 0.003 -19"><span class='ocrx_word' id='word_1_49' title='bbox 148 885 207 940; x_wconf 85' lang='lat' dir='ltr'>res</span> <span class='ocrx_word' id='word_1_50' title='bbox 232 859 472 937; x_wconf 87' lang='lat' dir='ltr'>demonstrata</span> <span class='ocrx_word' id='word_1_51' title='bbox 492 858 594 954; x_wconf 89' lang='lat' dir='ltr'>sunt,</span> <span class='ocrx_word' id='word_1_52' title='bbox 622 857 760 955; x_wconf 86' lang='lat' dir='ltr'>&amp;ipsas</span> <span class='ocrx_word' id='word_1_53' title='bbox 780 864 946 938; x_wconf 86' lang='lat' dir='ltr'>materias</span> <span class='ocrx_word' id='word_1_54' title='bbox 967 865 1228 958; x_wconf 83' lang='lat' dir='ltr'>prodiderunt:</span> <span class='ocrx_word' id='word_1_55' title='bbox 1299 857 1300 948; x_wconf 59' lang='lat' dir='ltr'>J</span> 
     </span>
     <span class='ocr_line' id='line_1_8' title="bbox 149 960 1230 1060; baseline 0 -20"><span class='ocrx_word' id='word_1_56' title='bbox 149 963 185 1040; x_wconf 83' lang='lat' dir='ltr'>dt</span> <span class='ocrx_word' id='word_1_57' title='bbox 202 961 399 1058; x_wconf 88' lang='lat' dir='ltr'>operolitas</span> <span class='ocrx_word' id='word_1_58' title='bbox 415 981 496 1034; x_wconf 91' lang='lat' dir='ltr'>cum</span> <span class='ocrx_word' id='word_1_59' title='bbox 519 961 666 1034; x_wconf 89' lang='lat' dir='ltr'>raritate</span> <span class='ocrx_word' id='word_1_60' title='bbox 683 960 886 1056; x_wconf 83' lang='lat' dir='ltr'>comnrilla,</span> <span class='ocrx_word' id='word_1_61' title='bbox 911 963 1174 1060; x_wconf 81' lang='lat' dir='ltr'>preciositatem</span> <span class='ocrx_word' id='word_1_62' title='bbox 1193 967 1230 1040; x_wconf 85' lang='lat' dir='ltr'>dt</span> 
     </span>
     <span class='ocr_line' id='line_1_9' title="bbox 149 1059 1228 1157; baseline -0.001 -17"><span class='ocrx_word' id='word_1_63' title='bbox 149 1083 195 1140; x_wconf 86' lang='lat' dir='ltr'>ex</span> <span class='ocrx_word' id='word_1_64' title='bbox 218 1087 260 1136; x_wconf 86' lang='lat' dir='ltr'>ea</span> <span class='ocrx_word' id='word_1_65' title='bbox 287 1060 469 1136; x_wconf 87' lang='lat' dir='ltr'>libidinem</span> <span class='ocrx_word' id='word_1_66' title='bbox 496 1059 709 1154; x_wconf 86' lang='lat' dir='ltr'>pollidendae</span> <span class='ocrx_word' id='word_1_67' title='bbox 729 1061 967 1155; x_wconf 79' lang='lat' dir='ltr'>preciositatis</span> <span class='ocrx_word' id='word_1_68' title='bbox 993 1063 1228 1157; x_wconf 68' lang='lat' dir='ltr'>feminarum</span> 
     </span>
     <span class='ocr_line' id='line_1_10' title="bbox 149 1159 1230 1258; baseline 0.004 -22"><span class='ocrx_word' id='word_1_69' title='bbox 149 1164 249 1258; x_wconf 92' lang='lat' dir='ltr'>quod</span> <span class='ocrx_word' id='word_1_70' title='bbox 270 1161 365 1235; x_wconf 90' lang='lat' dir='ltr'>idem</span> <span class='ocrx_word' id='word_1_71' title='bbox 388 1161 532 1256; x_wconf 84' lang='lat' dir='ltr'>angeli,</span> <span class='ocrx_word' id='word_1_72' title='bbox 569 1159 629 1252; x_wconf 87' lang='lat' dir='ltr'>qui</span> <span class='ocrx_word' id='word_1_73' title='bbox 654 1160 871 1236; x_wconf 84' lang='lat' dir='ltr'>&amp;materias</span> <span class='ocrx_word' id='word_1_74' title='bbox 899 1159 1069 1256; x_wconf 75' lang='lat' dir='ltr'>ejulinodi</span> <span class='ocrx_word' id='word_1_75' title='bbox 1093 1163 1128 1238; x_wconf 83' lang='lat' dir='ltr'>dt</span> <span class='ocrx_word' id='word_1_76' title='bbox 1152 1165 1230 1240; x_wconf 89' lang='lat' dir='ltr'>ille·</span> 
     </span>
     <span class='ocr_line' id='line_1_11' title="bbox 150 1254 1229 1360; baseline 0.002 -20"><span class='ocrx_word' id='word_1_77' title='bbox 150 1265 274 1340; x_wconf 87' lang='lat' dir='ltr'>cebras</span> <span class='ocrx_word' id='word_1_78' title='bbox 290 1261 527 1352; x_wconf 85' lang='lat' dir='ltr'>detexernnt,</span> <span class='ocrx_word' id='word_1_79' title='bbox 557 1279 680 1334; x_wconf 85' lang='lat' dir='ltr'>eururn</span> <span class='ocrx_word' id='word_1_80' title='bbox 697 1254 779 1334; x_wconf 89' lang='lat' dir='ltr'>dico</span> <span class='ocrx_word' id='word_1_81' title='bbox 792 1259 827 1334; x_wconf 86' lang='lat' dir='ltr'>dt</span> <span class='ocrx_word' id='word_1_82' title='bbox 841 1276 1027 1358; x_wconf 86' lang='lat' dir='ltr'>argentum</span> <span class='ocrx_word' id='word_1_83' title='bbox 1042 1263 1229 1360; x_wconf 87' lang='lat' dir='ltr'>illustrium</span> 
     </span>
     <span class='ocr_line' id='line_1_12' title="bbox 79 1359 1229 1456; baseline 0.003 -19"><span class='ocrx_word' id='word_1_84' title='bbox 79 1361 86 1368; x_wconf 83' lang='grc'><em>“</em></span> <span class='ocrx_word' id='word_1_85' title='bbox 150 1363 184 1438; x_wconf 75' lang='lat' dir='ltr'>a</span> <span class='ocrx_word' id='word_1_86' title='bbox 201 1379 455 1456; x_wconf 86' lang='lat' dir='ltr'>operaeorum</span> <span class='ocrx_word' id='word_1_87' title='bbox 468 1359 711 1452; x_wconf 86' lang='lat' dir='ltr'>tradiderunt,</span> <span class='ocrx_word' id='word_1_88' title='bbox 728 1361 835 1434; x_wconf 86' lang='lat' dir='ltr'>etiam</span> <span class='ocrx_word' id='word_1_89' title='bbox 845 1361 1135 1456; x_wconf 84' lang='lat' dir='ltr'>calliblepharum</span> <span class='ocrx_word' id='word_1_90' title='bbox 1149 1367 1229 1440; x_wconf 87' lang='lat' dir='ltr'>vel·</span> 
     </span>
     <span class='ocr_line' id='line_1_13' title="bbox 148 1458 1228 1554; baseline 0.003 -20"><span class='ocrx_word' id='word_1_91' title='bbox 148 1465 335 1554; x_wconf 81' lang='lat' dir='ltr'>letumque</span> <span class='ocrx_word' id='word_1_92' title='bbox 361 1458 532 1533; x_wconf 75' lang='lat' dir='ltr'>tintlrnas</span> <span class='ocrx_word' id='word_1_93' title='bbox 557 1459 651 1532; x_wconf 89' lang='lat' dir='ltr'>inter</span> <span class='ocrx_word' id='word_1_94' title='bbox 671 1471 792 1534; x_wconf 90' lang='lat' dir='ltr'>cetera</span> <span class='ocrx_word' id='word_1_95' title='bbox 810 1459 1041 1554; x_wconf 84' lang='lat' dir='ltr'>docuerunt,</span> <span class='ocrx_word' id='word_1_96' title='bbox 1069 1464 1228 1538; x_wconf 83' lang='lat' dir='ltr'>damnati</span> 
     </span>
    </p>

    <p class='ocr_par' dir='ltr' id='par_1_6' title="bbox 6 1557 1300 3453">
     <span class='ocr_line' id='line_1_14' title="bbox 149 1557 1300 1661; baseline -0.005 -23"><span class='ocrx_word' id='word_1_97' title='bbox 149 1585 171 1638; x_wconf 86' lang='lat' dir='ltr'>a</span> <span class='ocrx_word' id='word_1_98' title='bbox 192 1563 263 1636; x_wconf 92' lang='lat' dir='ltr'>deo</span> <span class='ocrx_word' id='word_1_99' title='bbox 282 1557 387 1652; x_wconf 87' lang='lat' dir='ltr'>sunt,</span> <span class='ocrx_word' id='word_1_100' title='bbox 412 1573 455 1634; x_wconf 90' lang='lat' dir='ltr'>ut</span> <span class='ocrx_word' id='word_1_101' title='bbox 471 1559 602 1634; x_wconf 84' lang='lat' dir='ltr'>Enoch</span> <span class='ocrx_word' id='word_1_102' title='bbox 618 1558 754 1633; x_wconf 82' lang='lat' dir='ltr'>refert:</span> <span class='ocrx_word' id='word_1_103' title='bbox 781 1559 983 1661; x_wconf 87' lang='lat' dir='ltr'>Quomodo</span> <span class='ocrx_word' id='word_1_104' title='bbox 1006 1563 1227 1655; x_wconf 71' lang='lat' dir='ltr'>placebimus</span> <span class='ocrx_word' id='word_1_105' title='bbox 1299 1559 1300 1632; x_wconf 64' lang='grc' dir='ltr'>ξ</span> 
     </span>
     <span class='ocr_line' id='line_1_15' title="bbox 150 1659 1228 1758; baseline -0.003 -20"><span class='ocrx_word' id='word_1_106' title='bbox 150 1669 248 1755; x_wconf 87' lang='lat' dir='ltr'>deo,</span> <span class='ocrx_word' id='word_1_107' title='bbox 282 1659 478 1758; x_wconf 78' lang='lat' dir='ltr'>gaudentes</span> <span class='ocrx_word' id='word_1_108' title='bbox 497 1659 604 1734; x_wconf 86' lang='lat' dir='ltr'>rebus</span> <span class='ocrx_word' id='word_1_109' title='bbox 623 1659 794 1754; x_wconf 86' lang='lat' dir='ltr'>illorum,</span> <span class='ocrx_word' id='word_1_110' title='bbox 830 1661 891 1754; x_wconf 91' lang='lat' dir='ltr'>qui</span> <span class='ocrx_word' id='word_1_111' title='bbox 908 1662 996 1735; x_wconf 88' lang='lat' dir='ltr'>iram</span> <span class='ocrx_word' id='word_1_112' title='bbox 1016 1661 1050 1734; x_wconf 82' lang='lat' dir='ltr'>dt</span> <span class='ocrx_word' id='word_1_113' title='bbox 1073 1663 1228 1739; x_wconf 87' lang='lat' dir='ltr'>animad-</span> 
     </span>
     <span class='ocr_line' id='line_1_16' title="bbox 150 1757 1228 1856; baseline -0.002 -18"><span class='ocrx_word' id='word_1_114' title='bbox 150 1763 355 1838; x_wconf 82' lang='lat' dir='ltr'>versionem</span> <span class='ocrx_word' id='word_1_115' title='bbox 376 1757 712 1854; x_wconf 68' lang='lat' dir='ltr'>provocaverunt?</span> <span class='ocrx_word' id='word_1_116' title='bbox 747 1759 857 1832; x_wconf 92' lang='lat' dir='ltr'>Nunc</span> <span class='ocrx_word' id='word_1_117' title='bbox 881 1759 969 1834; x_wconf 87' lang='lat' dir='ltr'>deus</span> <span class='ocrx_word' id='word_1_118' title='bbox 995 1761 1058 1836; x_wconf 88' lang='lat' dir='ltr'>ista</span> <span class='ocrx_word' id='word_1_119' title='bbox 1078 1759 1228 1856; x_wconf 91' lang='lat' dir='ltr'>prospe·</span> 
     </span>
     <span class='ocr_line' id='line_1_17' title="bbox 149 1855 1229 1956; baseline 0 -16"><span class='ocrx_word' id='word_1_120' title='bbox 149 1865 267 1956; x_wconf 80' lang='lat' dir='ltr'>norit,</span> <span class='ocrx_word' id='word_1_121' title='bbox 295 1859 382 1933; x_wconf 82' lang='lat' dir='ltr'>deus</span> <span class='ocrx_word' id='word_1_122' title='bbox 404 1855 622 1953; x_wconf 84' lang='lat' dir='ltr'>permiserit:</span> <span class='ocrx_word' id='word_1_123' title='bbox 648 1859 780 1934; x_wconf 82' lang='lat' dir='ltr'>nulan</span> <span class='ocrx_word' id='word_1_124' title='bbox 798 1858 842 1932; x_wconf 88' lang='lat' dir='ltr'>de</span> <span class='ocrx_word' id='word_1_125' title='bbox 866 1861 1062 1956; x_wconf 86' lang='lat' dir='ltr'>conchylio</span> <span class='ocrx_word' id='word_1_126' title='bbox 1088 1861 1229 1952; x_wconf 84' lang='lat' dir='ltr'>vestem</span> 
     </span>
     <span class='ocr_line' id='line_1_18' title="bbox 95 1955 1227 2054; baseline -0.003 -17"><span class='ocrx_word' id='word_1_127' title='bbox 95 1999 99 2006; x_wconf 94' lang='lat'><em>·</em></span> <span class='ocrx_word' id='word_1_128' title='bbox 149 1961 267 2038; x_wconf 87' lang='lat' dir='ltr'>Esaias</span> <span class='ocrx_word' id='word_1_129' title='bbox 277 1961 454 2054; x_wconf 87' lang='lat' dir='ltr'>increpet,</span> <span class='ocrx_word' id='word_1_130' title='bbox 465 1957 580 2030; x_wconf 81' lang='lat' dir='ltr'>nullas</span> <span class='ocrx_word' id='word_1_131' title='bbox 590 1955 729 2030; x_wconf 78' lang='lat' dir='ltr'>lunulae</span> <span class='ocrx_word' id='word_1_132' title='bbox 743 1957 932 2053; x_wconf 87' lang='lat' dir='ltr'>reprobet,</span> <span class='ocrx_word' id='word_1_133' title='bbox 944 1963 1080 2034; x_wconf 89' lang='lat' dir='ltr'>nullum</span> <span class='ocrx_word' id='word_1_134' title='bbox 1094 1963 1227 2034; x_wconf 93' lang='lat' dir='ltr'>botro-</span> 
     </span>
     <span class='ocr_line' id='line_1_19' title="bbox 149 2056 1227 2154; baseline -0.004 -16"><span class='ocrx_word' id='word_1_135' title='bbox 149 2075 274 2138; x_wconf 85' lang='lat' dir='ltr'>natum</span> <span class='ocrx_word' id='word_1_136' title='bbox 291 2056 480 2131; x_wconf 80' lang='lat' dir='ltr'>retundatr</span> <span class='ocrx_word' id='word_1_137' title='bbox 505 2067 627 2130; x_wconf 84' lang='lat' dir='ltr'>tamen</span> <span class='ocrx_word' id='word_1_138' title='bbox 639 2077 725 2129; x_wconf 88' lang='lat' dir='ltr'>non</span> <span class='ocrx_word' id='word_1_139' title='bbox 736 2063 779 2130; x_wconf 85' lang='lat' dir='ltr'>ut</span> <span class='ocrx_word' id='word_1_140' title='bbox 792 2058 968 2154; x_wconf 82' lang='lat' dir='ltr'>gentiles,</span> <span class='ocrx_word' id='word_1_141' title='bbox 983 2059 1034 2132; x_wconf 86' lang='lat' dir='ltr'>ita</span> <span class='ocrx_word' id='word_1_142' title='bbox 1047 2079 1115 2133; x_wconf 90' lang='lat' dir='ltr'>nos</span> <span class='ocrx_word' id='word_1_143' title='bbox 1133 2081 1227 2154; x_wconf 91' lang='lat' dir='ltr'>quo·</span> 
     </span>
     <span class='ocr_line' id='line_1_20' title="bbox 151 2155 1232 2256; baseline 0.001 -23"><span class='ocrx_word' id='word_1_144' title='bbox 151 2183 220 2256; x_wconf 90' lang='lat' dir='ltr'>que</span> <span class='ocrx_word' id='word_1_145' title='bbox 242 2158 351 2232; x_wconf 86' lang='lat' dir='ltr'>nobis</span> <span class='ocrx_word' id='word_1_146' title='bbox 369 2155 575 2251; x_wconf 85' lang='lat' dir='ltr'>adulemur,</span> <span class='ocrx_word' id='word_1_147' title='bbox 609 2155 851 2230; x_wconf 88' lang='lat' dir='ltr'>institutorem</span> <span class='ocrx_word' id='word_1_148' title='bbox 870 2157 978 2232; x_wconf 89' lang='lat' dir='ltr'>deum</span> <span class='ocrx_word' id='word_1_149' title='bbox 993 2155 1232 2234; x_wconf 91' lang='lat' dir='ltr'>solummodo·</span> 
     </span>
     <span class='ocr_line' id='line_1_21' title="bbox 150 2253 1224 2349; baseline -0.004 -12"><span class='ocrx_word' id='word_1_150' title='bbox 150 2257 410 2348; x_wconf 80' lang='lat' dir='ltr'>existimantes,</span> <span class='ocrx_word' id='word_1_151' title='bbox 435 2276 512 2330; x_wconf 91' lang='lat' dir='ltr'>non</span> <span class='ocrx_word' id='word_1_152' title='bbox 523 2257 630 2332; x_wconf 85' lang='lat' dir='ltr'>etiam</span> <span class='ocrx_word' id='word_1_153' title='bbox 647 2253 879 2349; x_wconf 71' lang='lat' dir='ltr'>dispeuorem</span> <span class='ocrx_word' id='word_1_154' title='bbox 888 2257 1133 2334; x_wconf 83' lang='lat' dir='ltr'>institutorum</span> <span class='ocrx_word' id='word_1_155' title='bbox 1143 2258 1224 2334; x_wconf 91' lang='lat' dir='ltr'>suo·</span> 
     </span>
     <span class='ocr_line' id='line_1_22' title="bbox 148 2354 1225 2460; baseline 0.003 -25"><span class='ocrx_word' id='word_1_156' title='bbox 148 2381 240 2436; x_wconf 89' lang='lat' dir='ltr'>rum.</span> <span class='ocrx_word' id='word_1_157' title='bbox 299 2359 449 2460; x_wconf 88' lang='lat' dir='ltr'>Quanto</span> <span class='ocrx_word' id='word_1_158' title='bbox 463 2357 571 2431; x_wconf 86' lang='lat' dir='ltr'>&#39;enim</span> <span class='ocrx_word' id='word_1_159' title='bbox 595 2355 722 2431; x_wconf 83' lang='lat' dir='ltr'>melius</span> <span class='ocrx_word' id='word_1_160' title='bbox 745 2354 938 2430; x_wconf 87' lang='lat' dir='ltr'>&amp;cautius</span> <span class='ocrx_word' id='word_1_161' title='bbox 965 2359 1165 2456; x_wconf 85' lang='lat' dir='ltr'>egerimus,</span> <span class='ocrx_word' id='word_1_162' title='bbox 1197 2359 1225 2438; x_wconf 84' lang='lat' dir='ltr'>sr</span> 
     </span>
     <span class='ocr_line' id='line_1_23' title="bbox 148 2455 1225 2560; baseline -0.002 -26"><span class='ocrx_word' id='word_1_163' title='bbox 148 2457 420 2560; x_wconf 78' lang='lat' dir='ltr'>prasumanur,</span> <span class='ocrx_word' id='word_1_164' title='bbox 452 2457 573 2534; x_wconf 83' lang='lat' dir='ltr'>omnia</span> <span class='ocrx_word' id='word_1_165' title='bbox 596 2455 775 2550; x_wconf 86' lang='lat' dir='ltr'>quideme</span> <span class='ocrx_word' id='word_1_166' title='bbox 797 2455 868 2530; x_wconf 91' lang='lat' dir='ltr'>deo</span> <span class='ocrx_word' id='word_1_167' title='bbox 888 2457 1033 2552; x_wconf 84' lang='lat' dir='ltr'>provisa</span> <span class='ocrx_word' id='word_1_168' title='bbox 1051 2470 1161 2552; x_wconf 87' lang='lat' dir='ltr'>tunc,</span> <span class='ocrx_word' id='word_1_169' title='bbox 1188 2457 1225 2532; x_wconf 82' lang='lat' dir='ltr'>dr</span> 
     </span>
     <span class='ocr_line' id='line_1_24' title="bbox 148 2553 1227 2654; baseline -0.006 -15"><span class='ocrx_word' id='word_1_170' title='bbox 148 2560 272 2639; x_wconf 86' lang='lat' dir='ltr'>seculo</span> <span class='ocrx_word' id='word_1_171' title='bbox 289 2555 427 2653; x_wconf 80' lang='lat' dir='ltr'>posita,</span> <span class='ocrx_word' id='word_1_172' title='bbox 451 2559 616 2634; x_wconf 79' lang='lat' dir='ltr'>utinunc</span> <span class='ocrx_word' id='word_1_173' title='bbox 632 2553 740 2650; x_wconf 80' lang='lat' dir='ltr'>ess&#39;et,</span> <span class='ocrx_word' id='word_1_174' title='bbox 766 2556 803 2629; x_wconf 93' lang='lat' dir='ltr'>in</span> <span class='ocrx_word' id='word_1_175' title='bbox 818 2557 946 2651; x_wconf 82' lang='lat' dir='ltr'>quibos</span> <span class='ocrx_word' id='word_1_176' title='bbox 960 2557 1139 2654; x_wconf 84' lang='lat' dir='ltr'>disciplina</span> <span class='ocrx_word' id='word_1_177' title='bbox 1154 2556 1227 2633; x_wconf 87' lang='lat' dir='ltr'>ser·</span> 
     </span>
     <span class='ocr_line' id='line_1_25' title="bbox 38 2654 1224 2754; baseline -0.002 -18"><span class='ocrx_word' id='word_1_178' title='bbox 38 2725 43 2736; x_wconf 95' lang='lat'><strong><em>.</em></strong></span> <span class='ocrx_word' id='word_1_179' title='bbox 148 2679 284 2736; x_wconf 82' lang='lat' dir='ltr'>vorum</span> <span class='ocrx_word' id='word_1_180' title='bbox 316 2658 392 2751; x_wconf 83' lang='lat' dir='ltr'>ejus</span> <span class='ocrx_word' id='word_1_181' title='bbox 420 2659 636 2754; x_wconf 79' lang='lat' dir='ltr'>probaretur</span> <span class='ocrx_word' id='word_1_182' title='bbox 651 2654 679 2729; x_wconf 78' lang='lat' dir='ltr'>l·</span> <span class='ocrx_word' id='word_1_183' title='bbox 702 2670 745 2729; x_wconf 94' lang='lat' dir='ltr'>ut</span> <span class='ocrx_word' id='word_1_184' title='bbox 769 2660 840 2750; x_wconf 81' lang='lat' dir='ltr'>per</span> <span class='ocrx_word' id='word_1_185' title='bbox 865 2657 1045 2733; x_wconf 86' lang='lat' dir='ltr'>licentiam</span> <span class='ocrx_word' id='word_1_186' title='bbox 1075 2659 1224 2754; x_wconf 86' lang='lat' dir='ltr'>utendi,</span> 
     </span>
     <span class='ocr_line' id='line_1_26' title="bbox 6 2755 1227 2854; baseline -0.002 -18"><span class='ocrx_word' id='word_1_187' title='bbox 6 2785 10 2794; x_wconf 92' lang='grc'><em>·</em></span> <span class='ocrx_word' id='word_1_188' title='bbox 150 2759 384 2836; x_wconf 77' lang='lat' dir='ltr'>continentie</span> <span class='ocrx_word' id='word_1_189' title='bbox 406 2759 627 2854; x_wconf 76' lang='lat' dir='ltr'>experientia</span> <span class='ocrx_word' id='word_1_190' title='bbox 645 2757 873 2850; x_wconf 89' lang='lat' dir='ltr'>procederet.</span> <span class='ocrx_word' id='word_1_191' title='bbox 931 2755 1070 2832; x_wconf 86' lang='lat' dir='ltr'>Nonne</span> <span class='ocrx_word' id='word_1_192' title='bbox 1090 2757 1227 2852; x_wconf 86' lang='lat' dir='ltr'>sapien·</span> 
     </span>
     <span class='ocr_line' id='line_1_27' title="bbox 149 2855 1224 2954; baseline -0.001 -19"><span class='ocrx_word' id='word_1_193' title='bbox 149 2873 206 2935; x_wconf 82' lang='lat' dir='ltr'>tet</span> <span class='ocrx_word' id='word_1_194' title='bbox 226 2857 487 2954; x_wconf 82' lang='lat' dir='ltr'>patresfamiliae</span> <span class='ocrx_word' id='word_1_195' title='bbox 505 2857 549 2932; x_wconf 90' lang='lat' dir='ltr'>de</span> <span class='ocrx_word' id='word_1_196' title='bbox 572 2855 741 2931; x_wconf 90' lang='lat' dir='ltr'>industria</span> <span class='ocrx_word' id='word_1_197' title='bbox 761 2855 919 2948; x_wconf 77' lang='lat' dir='ltr'>quedam</span> <span class='ocrx_word' id='word_1_198' title='bbox 942 2855 1142 2932; x_wconf 75' lang='lat' dir='ltr'>servis‘suis</span> <span class='ocrx_word' id='word_1_199' title='bbox 1167 2858 1224 2934; x_wconf 88' lang='lat' dir='ltr'>of·</span> 
     </span>
     <span class='ocr_line' id='line_1_28' title="bbox 8 2957 1225 3053; baseline -0.002 -18"><span class='ocrx_word' id='word_1_200' title='bbox 8 2967 12 2972; x_wconf 85' lang='lat'>&#39;</span> <span class='ocrx_word' id='word_1_201' title='bbox 147 2961 273 3042; x_wconf 75' lang='lat' dir='ltr'>ferunt</span> <span class='ocrx_word' id='word_1_202' title='bbox 290 2969 397 3050; x_wconf 80' lang='lat' dir='ltr'>atque</span> <span class='ocrx_word' id='word_1_203' title='bbox 413 2959 652 3053; x_wconf 88' lang='lat' dir='ltr'>pennittunt,</span> <span class='ocrx_word' id='word_1_204' title='bbox 680 2969 723 3030; x_wconf 88' lang='lat' dir='ltr'>ut</span> <span class='ocrx_word' id='word_1_205' title='bbox 742 2957 994 3052; x_wconf 87' lang='lat' dir='ltr'>experiantur,</span> <span class='ocrx_word' id='word_1_206' title='bbox 1021 2979 1065 3031; x_wconf 89' lang='lat' dir='ltr'>an</span> <span class='ocrx_word' id='word_1_207' title='bbox 1083 2959 1225 3050; x_wconf 79' lang='lat' dir='ltr'>aequali·</span> 
     </span>
     <span class='ocr_line' id='line_1_29' title="bbox 54 3053 1239 3160; baseline -0.005 -22"><span class='ocrx_word' id='word_1_208' title='bbox 54 3097 58 3110; x_wconf 82' lang='grc'><em>·</em></span> <span class='ocrx_word' id='word_1_209' title='bbox 112 3136 118 3150; x_wconf 65' lang='grc'>,</span> <span class='ocrx_word' id='word_1_210' title='bbox 148 3073 208 3138; x_wconf 86' lang='lat' dir='ltr'>ter</span> <span class='ocrx_word' id='word_1_211' title='bbox 222 3053 390 3154; x_wconf 87' lang='lat' dir='ltr'>pernrillis</span> <span class='ocrx_word' id='word_1_212' title='bbox 408 3071 574 3154; x_wconf 88' lang='lat' dir='ltr'>utantur,</span> <span class='ocrx_word' id='word_1_213' title='bbox 599 3056 625 3131; x_wconf 85' lang='lat' dir='ltr'><strong>fi</strong></span> <span class='ocrx_word' id='word_1_214' title='bbox 640 3057 777 3152; x_wconf 88' lang='lat' dir='ltr'>probe,</span> <span class='ocrx_word' id='word_1_215' title='bbox 807 3055 1043 3146; x_wconf 77' lang='lat' dir='ltr'>srmodestel</span> <span class='ocrx_word' id='word_1_216' title='bbox 1071 3054 1239 3160; x_wconf 79' lang='lat' dir='ltr'>Quanto&#39;</span> 
     </span>
     <span class='ocr_line' id='line_1_30' title="bbox 63 3156 1225 3254; baseline -0.005 -17"><span class='ocrx_word' id='word_1_217' title='bbox 63 3173 69 3186; x_wconf 76' lang='lat'><strong><em>¹</em></strong></span> <span class='ocrx_word' id='word_1_218' title='bbox 149 3169 272 3237; x_wconf 76' lang='lat' dir='ltr'>autem</span> <span class='ocrx_word' id='word_1_219' title='bbox 293 3158 528 3254; x_wconf 85' lang='lat' dir='ltr'>laudabilior,</span> <span class='ocrx_word' id='word_1_220' title='bbox 554 3158 617 3252; x_wconf 89' lang='lat' dir='ltr'>qui</span> <span class='ocrx_word' id='word_1_221' title='bbox 637 3156 843 3230; x_wconf 87' lang='lat' dir='ltr'>abstinuerit</span> <span class='ocrx_word' id='word_1_222' title='bbox 864 3157 902 3230; x_wconf 91' lang='lat' dir='ltr'>in</span> <span class='ocrx_word' id='word_1_223' title='bbox 927 3167 1073 3253; x_wconf 87' lang='lat' dir='ltr'>totum,</span> <span class='ocrx_word' id='word_1_224' title='bbox 1100 3159 1160 3251; x_wconf 92' lang='lat' dir='ltr'>qui</span> <span class='ocrx_word' id='word_1_225' title='bbox 1179 3159 1225 3232; x_wconf 80' lang='lat' dir='ltr'>ti-</span> 
     </span>
     <span class='ocr_line' id='line_1_31' title="bbox 147 3255 1225 3357; baseline -0.007 -17"><span class='ocrx_word' id='word_1_226' title='bbox 147 3259 281 3340; x_wconf 86' lang='lat' dir='ltr'>muerit</span> <span class='ocrx_word' id='word_1_227' title='bbox 292 3260 400 3336; x_wconf 88' lang='lat' dir='ltr'>etiarn</span> <span class='ocrx_word' id='word_1_228' title='bbox 414 3259 671 3357; x_wconf 88' lang='lat' dir='ltr'>indulgentiam</span> <span class='ocrx_word' id='word_1_229' title='bbox 687 3255 850 3332; x_wconf 78' lang='lat' dir='ltr'>dominil</span> <span class='ocrx_word' id='word_1_230' title='bbox 876 3255 1106 3354; x_wconf 80' lang='lat' dir='ltr'>sicigitur&amp;</span> <span class='ocrx_word' id='word_1_231' title='bbox 1118 3255 1225 3352; x_wconf 86' lang='lat' dir='ltr'>A&#39;po·</span> 
     </span>
     <span class='ocr_line' id='line_1_32' title="bbox 148 3357 1225 3453; baseline -0.007 -14"><span class='ocrx_word' id='word_1_232' title='bbox 148 3361 285 3439; x_wconf 79' lang='lat' dir='ltr'>stolus:</span> <span class='ocrx_word' id='word_1_233' title='bbox 308 3366 433 3446; x_wconf 76' lang='lat' dir='ltr'>mnia,</span> <span class='ocrx_word' id='word_1_234' title='bbox 459 3360 602 3453; x_wconf 90' lang='lat' dir='ltr'>inquit,</span> <span class='ocrx_word' id='word_1_235' title='bbox 627 3361 748 3444; x_wconf 84' lang='lat' dir='ltr'>licent,</span> <span class='ocrx_word' id='word_1_236' title='bbox 772 3357 822 3443; x_wconf 77' lang='lat' dir='ltr'>led</span> <span class='ocrx_word' id='word_1_237' title='bbox 835 3381 900 3430; x_wconf 83' lang='lat' dir='ltr'>non</span> <span class='ocrx_word' id='word_1_238' title='bbox 921 3363 1029 3430; x_wconf 79' lang='lat' dir='ltr'>omnia</span> <span class='ocrx_word' id='word_1_239' title='bbox 1045 3360 1225 3452; x_wconf 74' lang='lat' dir='ltr'>aedijicant,</span> 
     </span>
    </p>

    <p class='ocr_par' dir='ltr' id='par_1_7' title="bbox 150 3457 1172 3559">
     <span class='ocr_line' id='line_1_33' title="bbox 150 3457 1172 3559; baseline -0.003 -24"><span class='ocrx_word' id='word_1_240' title='bbox 150 3476 288 3559; x_wconf 87' lang='lat' dir='ltr'>quanto</span> <span class='ocrx_word' id='word_1_241' title='bbox 301 3458 440 3536; x_wconf 83' lang='lat' dir='ltr'>facilius</span> <span class='ocrx_word' id='word_1_242' title='bbox 451 3461 577 3536; x_wconf 88' lang='lat' dir='ltr'>illicita</span> <span class='ocrx_word' id='word_1_243' title='bbox 590 3459 745 3552; x_wconf 86' lang='lat' dir='ltr'>timebit,</span> <span class='ocrx_word' id='word_1_244' title='bbox 772 3457 943 3550; x_wconf 86' lang='lat' dir='ltr'>quilicita</span> <span class='ocrx_word' id='word_1_245' title='bbox 957 3457 1172 3532; x_wconf 76' lang='lat' dir='ltr'>verebitur?</span> 
     </span>
    </p>

    <p class='ocr_par' dir='ltr' id='par_1_8' title="bbox 45 3555 1298 4035">
     <span class='ocr_line' id='line_1_34' title="bbox 65 3555 1298 3664; baseline -0.002 -28"><span class='ocrx_word' id='word_1_246' title='bbox 65 3639 68 3648; x_wconf 73' lang='grc'>,</span> <span class='ocrx_word' id='word_1_247' title='bbox 227 3583 284 3637; x_wconf 89' lang='lat' dir='ltr'>rr.</span> <span class='ocrx_word' id='word_1_248' title='bbox 304 3565 402 3664; x_wconf 80' lang='lat' dir='ltr'>Qua</span> <span class='ocrx_word' id='word_1_249' title='bbox 427 3571 546 3635; x_wconf 88' lang='lat' dir='ltr'>autern</span> <span class='ocrx_word' id='word_1_250' title='bbox 570 3559 679 3632; x_wconf 91' lang='lat' dir='ltr'>vobis</span> <span class='ocrx_word' id='word_1_251' title='bbox 712 3556 828 3632; x_wconf 85' lang='lat' dir='ltr'>caulla</span> <span class='ocrx_word' id='word_1_252' title='bbox 861 3557 913 3632; x_wconf 86' lang='lat' dir='ltr'>cst</span> <span class='ocrx_word' id='word_1_253' title='bbox 942 3555 1104 3632; x_wconf 74' lang='lat' dir='ltr'>lb&#39;udtius</span> <span class='ocrx_word' id='word_1_254' title='bbox 1137 3579 1225 3653; x_wconf 91' lang='lat' dir='ltr'>pro·</span> <span class='ocrx_word' id='word_1_255' title='bbox 1297 3597 1298 3600; x_wconf 12' lang='grc' dir='ltr'><strong><em>κ</em></strong></span> 
     </span>
     <span class='ocr_line' id='line_1_35' title="bbox 148 3657 1226 3756; baseline -0.003 -19"><span class='ocrx_word' id='word_1_256' title='bbox 148 3659 303 3756; x_wconf 88' lang='lat' dir='ltr'>deundi,</span> <span class='ocrx_word' id='word_1_257' title='bbox 329 3677 411 3738; x_wconf 82' lang='lat' dir='ltr'>curn</span> <span class='ocrx_word' id='word_1_258' title='bbox 428 3673 576 3752; x_wconf 78' lang='lat' dir='ltr'>remota</span> <span class='ocrx_word' id='word_1_259' title='bbox 596 3659 669 3733; x_wconf 76' lang='lat' dir='ltr'>sitis</span> <span class='ocrx_word' id='word_1_260' title='bbox 688 3659 732 3734; x_wconf 91' lang='lat' dir='ltr'>ab</span> <span class='ocrx_word' id='word_1_261' title='bbox 753 3657 830 3753; x_wconf 84' lang='lat' dir='ltr'>hir,</span> <span class='ocrx_word' id='word_1_262' title='bbox 863 3679 941 3752; x_wconf 85' lang='lat' dir='ltr'>quae</span> <span class='ocrx_word' id='word_1_263' title='bbox 960 3657 1004 3733; x_wconf 87' lang='lat' dir='ltr'>ad</span> <span class='ocrx_word' id='word_1_264' title='bbox 1025 3657 1119 3732; x_wconf 89' lang='lat' dir='ltr'>aliud</span> <span class='ocrx_word' id='word_1_265' title='bbox 1133 3659 1226 3734; x_wconf 89' lang='lat' dir='ltr'>indi·</span> 
     </span>
     <span class='ocr_line' id='line_1_36' title="bbox 45 3755 1224 3854; baseline 0 -19"><span class='ocrx_word' id='word_1_266' title='bbox 45 3810 50 3819; x_wconf 43' lang='lat'><em>1</em></span> <span class='ocrx_word' id='word_1_267' title='bbox 174 3775 247 3838; x_wconf 86' lang='lat' dir='ltr'>ent.</span> <span class='ocrx_word' id='word_1_268' title='bbox 297 3759 394 3836; x_wconf 87' lang='lat' dir='ltr'>Nam</span> <span class='ocrx_word' id='word_1_269' title='bbox 415 3781 484 3834; x_wconf 91' lang='lat' dir='ltr'>nec</span> <span class='ocrx_word' id='word_1_270' title='bbox 501 3761 635 3854; x_wconf 86' lang='lat' dir='ltr'>templa</span> <span class='ocrx_word' id='word_1_271' title='bbox 654 3758 831 3852; x_wconf 81' lang='lat' dir='ltr'>circtritis,</span> <span class='ocrx_word' id='word_1_272' title='bbox 856 3779 926 3832; x_wconf 90' lang='lat' dir='ltr'>nec</span> <span class='ocrx_word' id='word_1_273' title='bbox 941 3755 1140 3854; x_wconf 77' lang='lat' dir='ltr'>spedtacula</span> <span class='ocrx_word' id='word_1_274' title='bbox 1154 3781 1224 3852; x_wconf 90' lang='lat' dir='ltr'>po·</span> 
     </span>
     <span class='ocr_line' id='line_1_37' title="bbox 51 3781 1237 4035; baseline -0.011 -91"><span class='ocrx_word' id='word_1_275' title='bbox 51 3899 55 3912; x_wconf 56' lang='lat'><em>¹</em></span> <span class='ocrx_word' id='word_1_276' title='bbox 148 3781 307 3965; x_wconf 60' lang='lat' dir='ltr'>fluum,</span> <span class='ocrx_word' id='word_1_277' title='bbox 329 3881 401 3941; x_wconf 85' lang='lat' dir='ltr'>nec</span> <span class='ocrx_word' id='word_1_278' title='bbox 418 3857 530 3942; x_wconf 77' lang='lat' dir='ltr'>festos</span> <span class='ocrx_word' id='word_1_279' title='bbox 546 3859 621 3938; x_wconf 81' lang='lat' dir='ltr'>dier</span> <span class='ocrx_word' id='word_1_280' title='bbox 638 3857 824 3962; x_wconf 83' lang='lat' dir='ltr'>gentilium</span> <span class='ocrx_word' id='word_1_281' title='bbox 837 3857 962 3942; x_wconf 69' lang='lat' dir='ltr'>nolu.</span> <span class='ocrx_word' id='word_1_282' title='bbox 999 3857 1156 4035; x_wconf 52' lang='lat' dir='ltr'>Ptopger</span> <span class='ocrx_word' id='word_1_283' title='bbox 1169 3859 1237 3958; x_wconf 54' lang='lat' dir='ltr'>ipz</span> 
     </span>
    </p>

    <p class='ocr_par' dir='ltr' id='par_1_9' title="bbox 281 3977 1173 4068">
     <span class='ocr_line' id='line_1_38' title="bbox 281 3977 1173 4068; baseline 0 -44"><span class='ocrx_word' id='word_1_284' title='bbox 281 4021 284 4024; x_wconf 90' lang='lat'>.</span> <span class='ocrx_word' id='word_1_285' title='bbox 605 4015 637 4068; x_wconf 38' lang='grc' dir='ltr'>Χ</span> <span class='ocrx_word' id='word_1_286' title='bbox 1110 3977 1173 4038; x_wconf 75' lang='lat' dir='ltr'>um</span> 
     </span>
    </p>
   </div>
   <div class='ocr_carea' id='block_1_3' title="bbox 0 0 1311 4328">
    <p class='ocr_par' dir='ltr' id='par_1_10' title="bbox 0 0 1311 4328">
     <span class='ocr_line' id='line_1_39' title="bbox 0 0 1311 4328; baseline 0 0"><span class='ocrx_word' id='word_1_287' title='bbox 0 0 1311 4328; x_wconf 95' lang='lat' dir='ltr'> </span> 
     </span>
    </p>
   </div>
   <div class='ocr_carea' id='block_1_4' title="bbox 1288 4043 1296 4274">
    <p class='ocr_par' dir='ltr' id='par_1_11' title="bbox 1288 4043 1296 4274">
     <span class='ocr_line' id='line_1_40' title="bbox 1288 4043 1296 4274; baseline 0 0"><span class='ocrx_word' id='word_1_288' title='bbox 1288 4043 1296 4274; x_wconf 90' lang='lat' dir='ltr'>l</span> 
     </span>
    </p>
   </div>
  </div>
 </body>
</html>
