2608 4338
170 209 429 270 novarros
453 187 782 266 Marcionem
804 185 905 266 er.
930 187 980 268 V.
1056 206 1129 286 571

51 339 157 450 eos,
172 355 245 459 vqui
267 351 355 428 illud
383 351 593 448 opusculum
613 349 793 450 ignorant
843 295 955 448 Quid,
980 355 1054 448 ait,
1070 349 1133 449 fa·

63 464 153 530 sient
167 461 222 556 qui
236 474 293 550 pro
306 457 440 524 mortuis
455 452 682 548 baptizantur,
692 452 723 548 fi
734 460 851 526 mortui
863 477 931 549 qun
943 451 1133 546 resurgunt?

63 555 210 630 Viderit
224 551 400 628 institutio
415 549 497 642 ista3
525 551 700 646 colende,
723 551 882 647 fisorte,
907 551 1132 649 Februario,

65 653 356 834 {respondebunt
371 650 443 752 illi)
458 671 527 746 pro
542 652 693 726 mortuis
708 665 886 745 peterent
934 653 1026 729 Noli
1041 673 1132 754 ergo
1173 651 1176 664 '

103 753 283 851 postolum
299 771 439 828 novum
452 750 566 826 statim
584 765 750 830 autorem
764 767 826 828 aut
839 750 1134 834 confirmatorem
1175 778 1184 804 '⁴
1230 789 1233 794 ·

67 857 142 950 ejus
161 855 357 946 denotare,
380 867 424 926 ut
439 865 544 926 tanto
561 851 669 948 magis
684 842 819 928 sisteret
844 855 958 928 carnis
980 851 1136 929 resurtea

67 955 243 1047 dlionem,
269 963 405 1045 quanto
422 953 496 1044 illi,
523 954 584 1048 qui
600 973 698 1026 vane
721 973 789 1048 pro
811 955 962 1028 mortuis
975 951 1134 1049 baptiza«

66 1058 218 1150 rentur,
253 1051 324 1126 lide
345 1049 609 1126 resurrectonis
632 1051 706 1126 hoc
729 1051 902 1151 facerent.
951 1053 1134 1130 Habemus

66 1157 164 1230 iilum
185 1150 313 1228 alicubi
329 1151 432 1226 unius
451 1151 610 1246 baptismi
627 1149 864 1230 definitorem.
886 1153 1001 1252 'Igitur
1017 1155 1136 1248 &pro

67 1257 220 1332 mortuis
242 1251 380 1348 tingui,
405 1272 474 1346 pro
492 1253 708 1346 corporibus
730 1253 781 1326 est
795 1255 928 1350 tingui,
953 1267 1137 1332 morttmm

70 1352 164 1429 enim
182 1371 313 1445 corpus
332 1349 559 1426 ostendimus.
586 1353 684 1450 Quid
701 1350 857 1446 sacient,
891 1355 950 1446 qui
965 1373 1034 1448 pro
1051 1373 1133 1426 cor·

71 1456 221 1551 poribus
240 1453 490 1546 baptizantur,
516 1453 541 1526 ir
561 1471 718 1545 corpora
730 1457 809 1526 'non
824 1450 1042 1550 resurgamti
1067 1451 1137 1526 At*

70 1577 140 1648 que
155 1553 247 1628 adeo
263 1549 357 1624 reste
375 1553 471 1626 hunc
484 1551 628 1656 graciam
642 1545 799 1647 figimus,
824 1568 866 1626 ut
882 1553 917 1626 dr
935 1551 1137 1648 Apostolus

70 1653 260 1728 secundam
275 1649 567 1742 disceptationem
585 1667 685 1744 aeque
707 1651 752 1726 de
774 1671 933 1747 corpore
946 1653 1135 1730 induxerit.

69 1752 142 1828 Sed
162 1753 283 1826 dicent
301 1749 460 1844 quidam:
487 1754 642 1844 Quomodo
654 1759 771 1822 mestus
789 1755 965 1846 refingeret?
992 1757 1064 1848 Quo
1080 1775 1140 1824 arta
1241 1787 1246 1810 ε

69 1861 135 1926 tem
167 1871 288 1942 corpore
313 1847 475 1922 venienti
510 1847 665 1924 Defensa
697 1853 830 1928 etenim
856 1849 1138 1948 redimitione,

72 1971 152 2045 quae
170 1949 386 2046 negabatur,
411 1947 631 2044 consequens
651 1967 727 2026 erat
750 1953 795 2027 de
815 1954 984 2048 qualitate
1007 1971 1139 2046 corpo-
1233 1961 1235 1969 ’

71 2056 119 2126 ris
142 2049 352 2142 retraslare,
379 2069 455 2142 quae
478 2071 554 2126 non
568 2053 769 2128 videbatur.
820 2051 890 2127 Sed
909 2051 953 2127 de
975 2053 1038 2128 ista
1056 2073 1140 2128 cum

73 2153 147 2226 aliis
164 2149 332 2243 congredi
347 2152 532 2226 convenit.
584 2150 752 2226 Marcion
773 2153 867 2230 enim
881 2153 924 2226 in'
931 2163 1053 2226 totum
1066 2171 1141 2226 car·

72 2251 126 2325 nis
145 2247 436 2326 resumettionem
451 2269 527 2323 non
545 2249 760 2344 admittens,
787 2247 901 2324 &soli
919 2253 1041 2330 anima
1052 2247 1145 2326 salua

72 2351 148 2423 tem
165 2348 445 2444 repromittens,
471 2367 548 2422 non
571 2349 772 2443 qualitatis,
796 2349 855 2426 sed
878 2348 1074 2426 substantie
1088 2349 1141 2426 fa·

72 2449 125 2524 tit
146 2446 386 2540 quaestionem.
435 2447 553 2524 Porro
578 2449 613 2524 tr
639 2469 685 2524 ex
707 2449 762 2522 his
781 2445 1049 2526 manifestissime
1074 2451 1140 2526 ob·

16 2609 17 2614 a
72 2547 237 2640 ducitur,
272 2567 350 2640 que
370 2545 570 2642 'Apostolus
594 2547 637 2622 ad
661 2551 865 2642 qualitatem
887 2551 1051 2644 corporis
1068 2563 1138 2626 tra·

72 2649 168 2743 stat,
193 2659 345 2742 propter
368 2649 451 2724 illos
475 2647 536 2742 qui
557 2646 705 2741 dicunt,
733 2647 933 2747 Quomodo
958 2647 1143 2749 resurgent

70 2746 242 2824 mortuil
281 2749 367 2848 Quo
397 2763 516 2822 autem
541 2769 697 2841 corpore
726 2745 904 2824 venienti
941 2747 1018 2845 Jam
1045 2751 1142 2826 enim

71 2847 283 2948 predicavit
298 2845 572 2922 resurredltuurn
593 2844 661 2921 elle
679 2847 834 2942 corpus,
860 2845 897 2921 id
910 2847 955 2922 de
973 2852 1141 2948 corporis

72 2949 246 3042 qualitate
260 2945 439 3029 tradlavit.
463 2947 632 3040 Denique
643 2946 669 3022 ss
681 2950 857 3044 proponit
872 2951 1033 3045 exempla
1044 2951 1142 3044 gram·

72 3051 202 3142 tritici,
232 3047 288 3120 ves
307 3047 442 3148 alicujus
466 3047 614 3147 ejusmodi
637 3049 824 3148 volquardus
849 3049 903 3120 det
926 3072 1033 3239 Ἕω
1053 3050 1145 3122 Deus

947 3175 963 3220 e
986 3177 1001 3220 e

70 3167 131 3250 pro
144 3164 183 3220 ut
194 3147 299 3238 volet,
316 3147 691 3248 finntcutqusemim
706 3153 865 3246 propriam
883 3153 934 3224 nir
1017 3169 1144 3248 corpus,

73 3263 114 3322 at
136 3248 236 3320 aliam
259 3239 380 3348 quidem
405 3269 530 3321 curarem
554 3249 740 3338 mmmm,
771 3251 869 3322 oliam
891 3273 969 3321 vm
995 3251 1148 3344 pecudem
1201 3285 1205 3297 ·

72 3349 115 3428 σ
140 3347 330 3440 warram,
361 3349 401 3426 U
420 3340 545 3446 corpora
562 3349 689 3448 celestia
713 3366 809 3448 mque
834 3365 963 3425 terrena
987 3347 1027 3428 dl
1044 3352 1145 3422 aliam

72 3449 207 3550 gloriam
217 3447 316 3537 solis,
340 3447 380 3527 θ
399 3449 485 3520 stura
499 3449 617 3539 alian,
641 3447 852 3546 &stellarum
869 3451 990 3532 aliam,
1016 3469 1144 3526 nonne

76 3547 316 3632 carnalem&
346 3549 573 3644 corporalem
603 3548 792 3645 portendit
823 3545 1140 3645 resurrectionem,

77 3658 183 3744 quam
197 3669 264 3742 per
281 3647 480 3724 carnalia&
496 3651 698 3743 corporalia
715 3649 880 3744 exempla
899 3647 1141 3743 commendat,

77 3767 203 3824 nonne
223 3747 393 3837 etiamab
418 3770 467 3822 eo
487 3748 574 3824 Deo
597 3771 673 3824 eam
697 3748 849 3844 spondet
868 3771 889 3822 n
911 3767 985 3842 quo
1006 3747 1088 3824 sunt
1109 3747 1146 3822 dr
1246 3822 1250 3832 ,

17 3869 18 3918 i
79 3845 274 3956 exemplu?
297 3853 402 3936 Sic&
415 3847 598 3948 rssnnesdio
615 3849 740 3950 inquit.
789 3852 971 3948 ,quomam
995 3848 1148 3922 Sicut&

17 3959 18 4036 ᾖ
154 4025 158 4033 ,
481 3968 487 3980 ·
948 3965 1097 4046 manum
