2608 4338
180 181 255 260 606
304 178 353 282 Q.
367 173 475 256 ειη.
488 175 889 258 ῐιοι.’1“ειτυιωισι
898 145 1092 256 muamus
1107 179 1176 266 otc.

168 345 318 448 finiunt,
340 369 405 414 run
424 345 612 444 fraujam,
645 367 711 441 qua
731 367 770 414 rx
790 341 873 436 sege,
893 343 949 436 sei
971 367 1038 440 que
1051 364 1109 441 per
1125 346 1248 440 ipsum,

176 443 312 530 scilicet
330 443 521 538 Christum,
538 470 576 516 rx
596 449 666 516 Deo.
705 440 820 538 Ergo,
833 441 964 534 inquis,
975 445 1043 518 hac
1055 443 1248 520 diffinitio·

47 617 50 627 .
150 540 226 622 'ne
242 546 302 620 lex
315 567 391 618 non
406 565 451 618 ex
467 543 552 618 Deo
563 555 640 618 erat
651 539 790 617 Christi.
839 541 1022 618 Subtiliter
1032 543 1125 620 satis.
1171 541 1248 618 Ac·
1293 615 1296 640 ,

112 713 118 720 .
156 709 163 736 ,
180 647 261 740 cipe
276 647 397 737 itaque
414 645 583 718 subtilius.
647 639 737 716 Cum
754 643 849 716 enirn
867 643 975 736 dicit,
1007 663 1083 718 non
1101 666 1178 736 qua
1198 666 1248 722 ex

139 749 143 762 ’
177 740 280 844 lege,
307 741 365 818 sed
385 765 462 836 quae
478 763 542 836 per
557 739 690 836 ipsum,
715 763 791 818 non
807 741 944 816 uniret
959 763 1025 836 per
1041 741 1175 840 ipsum,
1203 745 1250 822 de

179 847 252 922 alio
274 865 376 938 quarn
400 844 502 936 cuius
521 843 590 916 suit
608 843 680 919 lex.
737 842 872 940 lupar,
898 843 1043 938 inquit,
1071 849 1169 914 muni
1179 852 1252 940 ipa.

65 985 69 1010 ‚
179 961 233 1020 rm
253 970 290 1014 m
309 947 401 1014 colu.
463 941 632 1039 Agnosco
657 955 819 1016 veterem
840 941 882 1016 ad
902 941 1082 1020 Abraham
1100 946 1252 1038 promis·

63 1037 73 1044 ’
152 1046 314 1134 ,saonem
339 1044 531 1118 creatoris:
559 1041 607 1114 Et
625 1040 752 1114 faciam
773 1037 889 1116 semen
910 1054 1040 1137 tuum,
1065 1057 1250 1140 tamquam

179 1143 297 1222 stellas
316 1145 353 1218 in
372 1145 476 1218 coelo.
541 1141 630 1216 Ideo
650 1141 685 1216 δι
695 1143 782 1241 ssesa
805 1169 825 1214 ι
840 1143 926 1240 flesa
944 1142 1051 1234 differt
1073 1149 1111 1214 r'n
1128 1147 1249 1238 gioria.

182 1245 296 1347 Quod
312 1246 337 1320 fi
361 1243 503 1342 carptus
522 1243 696 1314 aduraim
709 1245 744 1314 dr
758 1245 861 1330 colis,
888 1244 1124 1338 tranrfiguroir‘t
1137 1265 1250 1336 corpur

178 1345 524 1438 inordinatorum,
550 1337 740 1434 conformale
766 1347 884 1438 corpori
899 1345 1004 1437 gioria
1023 1345 1108 1428 sue:
1134 1344 1251 1418 resur·

167 1449 242 1544 'get
257 1463 345 1541 ergo
359 1463 492 1538 corpus
507 1441 580 1516 hoc
590 1439 772 1536 nostrum,
799 1442 898 1534 quod
914 1443 1116 1516 humiliatur
1124 1445 1159 1516 in
1172 1444 1255 1540 pas·

97 1606 101 1630 ,
177 1545 335 1622 sionibus
352 1597 365 1636 ‚
408 1543 498 1620 &in
517 1539 589 1638 ipsa
605 1541 685 1638 lege
706 1544 833 1617 mortis
854 1543 1038 1618 interram
1058 1543 1249 1637 dejestum.

181 1645 384 1744 Quomodo
400 1643 492 1718 enirn
511 1639 796 1738 transfigurabit,
824 1642 993 1716 srnullunr
1010 1643 1103 1718 erit?
1128 1641 1251 1720 Autfi

181 1747 228 1820 de
242 1747 292 1818 eis
309 1742 457 1836 dietum,
484 1743 594 1834 quiin
611 1741 768 1816 adventu
782 1742 853 1816 Dei
870 1741 1098 1836 deprehensr,
1122 1745 1160 1817 in
1174 1764 1251 1817 car·

178 1865 249 1928 ne,
277 1845 439 1936 deputari
462 1843 672 1934 habebunt,
698 1842 782 1936 quid
799 1843 930 1916 sacient
942 1844 1000 1934 qui
1017 1843 1123 1936 primi
1135 1841 1249 1916 resur-

179 1943 298 2042 genti
336 1941 425 2014 Non
441 1943 644 2034 habebunt,
671 1939 715 2014 de
734 1963 807 2034 quo
823 1937 1130 2036 transfigurentur.
1178 1941 1250 2016 At·

181 2043 288 2134 quiri,
315 2041 496 2132 cumillis,
520 2041 626 2132 dicit,
649 2039 746 2113 simus
764 2043 941 2133 rapiemur
955 2042 992 2112 in
1011 2043 1165 2118 nubibus
1182 2043 1251 2116 ob·

179 2143 276 2215 viam
296 2139 456 2216 domino.
506 2137 542 2214 Si
555 2139 717 2214 cumillis
732 2138 879 2238 sublati,
904 2140 1029 2234 utique
1040 2143 1200 2224 cumillis
1215 2142 1253 2216 δι

182 2237 436 2338 transfigurati.

59 2421 63 2440 ,
263 2361 318 2416 21.
344 2340 420 2414 Soli
432 2337 517 2414 huic
533 2335 692 2434 epistola
705 2337 865 2412 brevitas
880 2333 939 2412 sua
951 2337 1109 2435 profuit,
1125 2353 1174 2414 ut
1187 2340 1254 2416 sal·

57 2515 68 2530 ,
180 2441 285 2518 sarias
298 2459 422 2514 manus
437 2438 636 2513 Marcionis
656 2439 838 2514 evaderet
879 2437 999 2512 Miror
1010 2455 1153 2534 tamen,
1167 2463 1256 2522 cunr

182 2541 227 2614 ad
244 2559 354 2614 unum
377 2539 559 2614 hominem
579 2540 699 2614 literas
718 2535 823 2612 faoas
844 2541 1048 2634 receperit,
1082 2541 1182 2633 quod
1205 2541 1254 2618 ad

181 2637 417 2714 Timotheum
432 2639 539 2734 duas,
565 2637 718 2712 &unam
733 2635 926 2720 adTitum,
953 2639 1256 2716 deecclesiastico

180 2737 275 2814 statu
289 2738 527 2832 composrtas,
560 2735 790 2812 recusaverit.
842 2733 1067 2834 Affeuavit,
1093 2741 1255 2836 opinor,

80 2837 82 2842 ’
181 2838 289 2912 etiarn
312 2855 499 2920 numerum
525 2836 751 2931 epistolarum
778 2839 1007 2932 interpolare.
1056 2837 1255 2916 Memento

183 2935 382 3032 inspeeton
414 2936 513 3030 quod
534 2959 597 3030 ea,
631 2935 1033 3052 quaepraetrastatasunt
1050 2953 1178 3034 retro,
1205 2941 1257 3018 de

184 3033 1261 3244 arii⁰uufusssursutu,frustratura

183 3236 372 3312 exststimes
384 3239 627 3328 iterationem,
644 3255 712 3328 qua
729 3231 1020 3314 confirmavimus
1030 3235 1127 3334 spem
1140 3239 1261 3336 pristi-

181 3357 283 3412 namr
308 3337 458 3409 autillic
473 3331 659 3430 suspeuam
677 3333 1052 3432 uehementiorem,
1080 3339 1261 3432 quaenu-

181 3457 261 3510 mus
276 3433 522 3531 temporaista.
546 3436 584 3510 Si
593 3449 712 3512 totum
726 3435 936 3529 opusculum
947 3435 1161 3534 inspexeris,
1178 3459 1258 3518 nee
1300 3519 1301 3526 Ν

66 3597 71 3610 .
182 3535 243 3612 hic
253 3535 546 3632 redrmdantiam,
570 3555 642 3612 nec
655 3535 730 3612 illic
742 3531 970 3616 diffidentiam
980 3536 1168 3636 judicabis.
