2572 4332
5 245 7 254 .
111 193 192 272 at,
259 153 1069 288 Q.seari·raoa’rarreiinars

111 365 192 420 cum
212 346 249 418 in
268 347 303 420 lc
329 367 349 419 e
368 341 582 439 praescribit,
607 342 831 420 malerinum
854 337 947 436 essb,
975 344 1034 436 qui
1056 343 1182 418 mulie·
1235 352 1242 366 '

108 447 232 520 bnbus
255 467 304 518 ve
336 445 448 537 eun,
469 444 561 536 ¹quid
579 443 627 517 de
647 443 875 518 Pantomimo
895 443 1092 537 judicabit,
1119 445 1182 536 qui
1210 463 1214 470 ·

109 549 219 621 etiarn
238 545 469 618 muliebribus
491 543 667 616 curatur?
708 543 800 617 Sane
822 544 857 616 dt
877 543 938 616 ille
962 541 1092 616 artifex
1113 563 1183 636 pu·
1238 551 1244 560 “

25 675 27 680 ·
109 665 265 744 gnorum
293 644 489 740 impunitus
515 642 615 717 ibici
646 641 756 718 Tales
783 644 880 719 enirn
904 644 1090 716 cicatrices
1117 663 1184 716 cae·

108 745 245 838 stuum,
273 745 438 818 &callos
457 763 684 838 pugnorum,
712 743 900 817 &ararium
913 743 1046 840 fungos
1064 740 1193 814 aDeo·

111 867 194 918 cum
205 844 269 918 suo
285 841 453 942 plasmate
469 845 619 940 accepit.
671 843 759 918 Ideo
776 845 827 918 illi
840 841 1083 917 oculosDeus
1095 839 1195 938 plass‘
1206 864 1220 914 ·.

108 947 245 1038 mavit,
269 955 313 1017 ut
330 944 538 1039 vapulando
567 941 746 1018 deficiant.
797 943 924 1018 Taceo
945 943 989 1016 de
1006 941 1094 1033 illo,
1121 941 1185 1033 qui

108 1045 295 1119 hominem
311 1045 412 1118 leoni
428 1061 514 1138 prae
530 1042 566 1118 se
583 1045 765 1137 opponit,
792 1065 839 1121 ne
861 1063 987 1140 parum
1004 1042 1049 1117 srt
1061 1041 1186 1115 homi·
1204 1065 1208 1070 ·

6 1215 7 1218 c
110 1145 216 1237 cida,
243 1165 348 1236 quam
370 1145 430 1236 qui
446 1143 599 1218 eundem
614 1143 844 1237 postmodum
860 1143 1011 1240 jugulat

187 1267 245 1335 24.
273 1245 380 1344 Quot
393 1243 507 1316 adhuc
526 1241 643 1316 modis
656 1243 932 1340 perorabimus,
958 1241 1047 1316 nihil
1066 1261 1111 1313 ex
1127 1239 1187 1318 hic
1279 1331 1280 1338 Ν

111 1363 189 1438 quae
219 1341 424 1437 spectaculis
450 1341 687 1436 deputatae,
721 1345 895 1439 placitum
907 1341 994 1418 Deo
1020 1339 1090 1416 esse
1122 1355 1187 1412 aut
1279 1349 1280 1418 l

110 1444 322 1540 congruens*
336 1441 410 1516 Dei
430 1439 568 1534 servis,
611 1443 711 1535 quod
730 1443 896 1518 Domino
915 1442 1087 1540 placitiun
1105 1459 1186 1512 non

109 1544 175 1634 fit,
200 1543 225 1617 sr
240 1543 361 1616 omnia
371 1553 524 1635 propter
536 1542 718 1618 diabolum
734 1542 916 1635 instituta,
942 1541 1038 1632 &ex
1050 1537 1186 1612 diaboli

109 1645 218 1716 rebus
236 1641 403 1715 instrudta
422 1639 722 1718 monstravimus:
747 1643 836 1716 nihil
854 1642 949 1718 enim
965 1627 1186 1714 non'diabo-

5 1757 6 1774 ¹
110 1744 138 1815 li
153 1741 223 1834 est,
251 1739 420 1834 quicquid
434 1741 506 1815 Dei
518 1761 597 1815 non
612 1743 692 1836 est,
716 1745 780 1816 vel
796 1743 883 1816 Deo
900 1739 1085 1835 displicet:
1109 1739 1188 1814 hoc

5 1927 6 1932 η
111 1843 182 1915 erit
196 1863 331 1936 pompa
352 1841 514 1934 diaboli,
545 1841 711 1916 adversus
727 1864 833 1936 quam
845 1843 884 1914 in
898 1839 1078 1938 signaculo
1100 1835 1205 1938 fidei·

64 1965 67 1984 ¹
111 1944 298 2034 eieramus.
339 1941 452 2041 Quod
462 1955 581 2019 autem
594 1941 788 2035 ejeramus,
804 1963 922 2034 neque
932 1940 1047 2036 fatto,
1068 1959 1188 2030 neque

111 2041 222 2135 dicto,
230 2061 349 2134 neque
357 2039 449 2133 visu,
459 2040 994 2134 nequeprospectuparticipare
1003 2039 1203 2112 debemus.-

111 2139 284 2216 Ceterum
293 2161 419 2214 nonne
430 2139 883 2232 ejeranrts&rescindimus
891 2139 1188 2238 signamlumre·

111 2241 309 2316 scindendo
320 2237 551 2316 testationem
563 2240 664 2332 eius?
686 2240 865 2334 Nunquid
875 2261 964 2336 ergo
974 2235 1189 2332 superestut
1235 2253 1240 2270 ’

111 2341 245 2434 ablpfrs
259 2341 410 2416 ethnicis
419 2337 625 2433 responsum
635 2339 860 2438 flagitemus?
873 2341 929 2414 Illi
938 2341 1010 2433 jam
1018 2337 1190 2412 nobisre·

110 2443 302 2536 nuntient,
327 2461 372 2514 an
388 2441 495 2516 liceat
510 2437 715 2514 Christianis
730 2439 932 2533 spectaculo
949 2439 1015 2513 uti.
1047 2435 1191 2527 Atquin

84 2595 87 2600 -
111 2539 197 2616 hinc
221 2543 283 2614 uel
299 2541 452 2615 maxime
471 2541 678 2636 intelligunt
696 2539 827 2623 fastrrm
851 2536 1114 2628 Christianum,
1140 2535 1202 2608 de·

5 2713 6 2736 2
111 2639 266 2734 ,repudio
283 2639 574 2734 spectaculorum.
626 2641 752 2734 ltaque
767 2651 877 2736 negat
892 2632 1099 2729 manifeste,
1126 2635 1202 2728 qui·

112 2761 179 2836 per
201 2740 300 2832 quod
315 2738 545 2834 agnoscitur,
572 2741 682 2815 tollit
734 2741 833 2842 Quid
852 2753 971 2813 autem
982 2735 1056 2832 spei
1069 2734 1189 2830 super-

5 2885 8 2894 ·
112 2839 167 2914 est
185 2841 222 2914 in
248 2837 449 2934 hujusmodi
473 2837 659 2914 homine?
697 2860 806 2914 nemo
832 2840 871 2912 in
897 2835 1009 2923 castra
1032 2833 1190 2911 hostium

112 2939 258 3032 nmsrt,
283 2937 347 3012 nisr
368 2937 538 3032 projeffis
557 2935 779 3033 arnrisifitis,
805 2939 868 3012 nisr
887 2937 1062 3012 destinatis
1081 2933 1189 3030 sagmio
1243 2981 1245 2986 -
1279 2947 1280 2954 ’

114 3037 391 3114 &sacramentis
402 3039 574 3134 principis
593 3030 666 3134 sui,
692 3038 755 3114 nist
768 3037 890 3133 paetus
903 3037 1002 3114 simul
1016 3035 1149 3130 perire.
1170 3071 1171 3076 =

85 3177 92 3193 ·
190 3159 247 3228 25.
273 3135 334 3211 An
349 3138 642 3236 ille'recogitabit
656 3159 704 3212 eo
719 3152 885 3234 ternpore
902 3138 947 3212 de
961 3135 1069 3229 Deo,
1095 3132 1189 3229 poli·

112 3255 172 3314 tus
189 3239 264 3314 illie
275 3239 339 3312 ubi
356 3237 444 3312 nihil
464 3237 515 3312 est
532 3239 576 3313 de
595 3238 681 3312 Deo
698 3237 717 3312 ‘l
741 3261 867 3334 pacem
885 3238 1019 3332 opinor
1038 3233 1190 3310 habebit

112 3341 152 3414 in
170 3341 290 3415 animo
312 3337 538 3412 contendens
553 3357 624 3432 pro
641 3339 786 3437 auriga,
808 3337 1016 3434 pudicitiam
1031 3331 1187 3429 ediscet,

112 3442 291 3514 attonitus
307 3439 345 3512 in
360 3439 500 3512 mimos.
550 3437 630 3512 lrno
649 3439 688 3511 in
707 3435 807 3513 omni
826 3435 1028 3533 spectaculo
1048 3435 1188 3518 nullum

51 3569 65 3604 o
113 3540 224 3635 magis
247 3537 447 3634 scandalum
470 3549 668 3632 occurret,
702 3553 807 3632 quam
828 3537 901 3632 ipse
914 3537 976 3610 ille
997 3535 1189 3609 mulierum

114 3639 150 3712 dc
166 3639 332 3712 virorum
346 3637 549 3712 accuratior
566 3639 709 3713 nrltns:
735 3635 807 3732 ipsa
825 3635 1037 3727 consensio,
1063 3630 1188 3727 ipsein

113 3739 302 3816 favoribus
314 3751 376 3812 aut
386 3737 605 3832 conspiratio
626 3749 687 3823 aut
699 3735 861 3826 dissensio
873 3737 970 3812 inter
980 3731 1018 3808 se
1029 3734 1073 3806 de
1089 3753 1187 3804 com·

113 3837 250 3934 mercio
265 3835 432 3911 scintillat
455 3836 642 3912 libidinum
665 3837 931 3912 conflabellant
981 3832 1106 3910 Nemo
1128 3831 1188 3904 dc-

113 3939 223 4036 nique
238 3937 278 4010 in
296 3935 499 4030 spectaculo
511 3935 673 4014 meundo
684 3938 788 4034 prius
800 3933 968 4034 cogita,
989 3931 1054 4008 nisl
1068 3929 1190 4104 vigeri
