2616 4336
338 187 427 308 ¹uu
447 217 731 302 Narroues.
771 219 875 300 er.
899 219 931 298 L
1067 283 1076 317 .,
1112 243 1182 326 139

5 405 16 462 ι
54 401 66 434 ⁹
107 405 182 482 quo
205 383 444 483 acassationi,
470 391 588 480 neque‘
605 383 822 460 recusationi
844 381 995 479 spatium
1017 403 1185 462 commo.

5 519 15 554 κ
106 487 223 564 detis:
247 484 370 562 soletis
389 486 660 562 &inaccusatos
682 483 933 560 &indefensos
949 507 1026 560 non
1045 497 1187 568 temere

5 609 17 660 r
105 589 297 664 damnare:
322 585 382 662 sed
396 587 641 684 verbigratia,
666 583 750 658 fide
762 585 943 660 homicida
957 583 1190 680 confutantr„

4 710 17 760 e·
103 685 186 765 non
218 685 335 763 statim
356 685 519 760 confesso
546 707 593 760 eo
618 705 754 760 nomen
787 685 975 760 homicide
1000 683 1183 780 disponite

4 809 15 860 r
105 785 226 862 caussa
246 787 298 864 est
311 801 375 860 aut
385 787 506 862 satiata
522 787 696 886 cognitio.
708 850 711 858 ,
723 807 924 878 quanquam
938 783 1101 860 confessis
1116 783 1184 860 dis·

4 887 13 962 r'
102 885 204 964 ficile
228 887 395 962 creditis:
430 907 558 960 verum
578 885 721 978 insuper
743 885 998 980 consequentia
1015 886 1182 982 exigitisa

4 1009 12 1044 ’-
105 989 279 1084 quotiens
298 987 431 1062 cadem
446 987 585 1083 egerit,
612 985 740 1080 quibus
759 987 796 1060 in
813 987 933 1080 locis,
957 985 1084 1079 quibus
1101 982 1183 1080 spo·

2 1091 11 1163 i
102 1089 184 1183 liis,
209 1085 337 1182 sociis,
368 1087 640 1182 receptoribus,
667 1085 819 1180 nequid
843 1085 1093 1163 omninomali
1115 1087 1182 1160 ho·

3 1211 10 1258 :
102 1189 212 1264 ruinis
236 1186 442 1283 delitescat,
479 1199 541 1260 aut
560 1187 649 1260 desit
666 1185 797 1277 aliquid
813 1184 1025 1260 instruenda
1042 1183 1086 1260 ad
1106 1183 1182 1260 sen·
1222 1229 1227 1244 ·

2 1317 7 1344 2
102 1291 259 1364 rentiam
275 1288 432 1364 veritati.
483 1287 600 1386 Porro
615 1285 659 1360 de
673 1287 803 1379 nobis,
831 1307 923 1378 quos
937 1286 1181 1362 atrocioribus
1235 1377 1240 1388 Ι

1 1441 6 1478 ,
104 1410 152 1462 ac
170 1387 330 1482 pluribus
347 1385 550 1464 criminibus
567 1386 767 1480 deputatis,
795 1386 969 1460 breuiora
986 1405 1027 1460 ac
1039 1385 1183 1468 leviora

1 1489 6 1562 l
104 1489 229 1585 elogia
243 1483 432 1566 conficitis.
485 1485 626 1580 Credo,
651 1488 852 1564 nonvultis
865 1498 1062 1580 oneratos,
1087 1505 1182 1580 quos

1 1630 6 1646 ·
105 1587 210 1662 omni
231 1607 344 1681 opere
363 1587 525 1682 perditos
552 1585 690 1675 vultis3
725 1597 787 1660 aut
809 1607 886 1660 non
908 1587 1042 1680 putatis
1063 1585 1183 1679 requi·

103 1687 219 1763 nenda
243 1709 320 1782 quae
343 1685 466 1762 nostis.
515 1685 601 1760 Hoc
628 1705 716 1780 ergo
741 1687 968 1782 perversius,
993 1686 1021 1762 sr
1047 1687 1181 1784 cogitis

104 1807 266 1884 negare,
291 1787 485 1880 dequibus
508 1784 812 1862 certissimescitis.
859 1785 962 1880 lrno,
994 1786 1182 1878 quodne·

1 1933 2 1946 κ
104 1889 162 1986 gis
178 1887 265 1960 odio
279 1887 402 1961 vestro
415 1889 667 1982 competebat,
694 1883 971 1982 sepositasorma
982 1885 1181 1981 judicandi,

105 1989 261 2084 proprio
277 1986 394 2062 studio
414 2007 493 2060 non
516 1987 560 2060 ad
579 1987 808 2084 negationem
830 1999 995 2082 certare,
1021 2007 1068 2062 ne
1085 2007 1181 2079 quoe

1 2153 2 2160 a
107 2085 231 2162 odistis
245 2087 459 2181 liberaretis,
474 2087 534 2162 sed
551 2086 595 2160 ad
607 2086 861 2163 consessionem
876 2085 1093 2186 ungulorum
1107 2083 1182 2162 sce·

104 2187 243 2282 lerum,
270 2209 344 2280 quo
362 2189 472 2283 magis
490 2187 683 2262 inimicitia
706 2187 915 2262 satiarentur
932 2188 1181 2286 exaggeratio·
1275 2261 1278 2270 Δ

105 2309 156 2362 ne
169 2306 374 2382 penarum,
400 2287 484 2362 dum
505 2285 801 2384 recognoscitur,
834 2299 928 2382 quot
944 2287 1089 2381 quisque
1105 2288 1180 2380 iarn

54 2474 59 2483 .
106 2387 285 2462 convivia
299 2387 360 2460 illa
382 2385 610 2478 celebrasset,
637 2387 805 2479 quou'ens
823 2389 861 2462 in
879 2387 1038 2462 tenebris
1061 2388 1182 2460 incur-

61 2480 66 2490 '
105 2485 209 2562 sasset
231 2484 375 2562 incesta
427 2485 554 2588 Quid?
590 2487 690 2581 quod
716 2487 916 2562 eradicandi
947 2487 1088 2584 generis
1114 2485 1181 2562 dis·

105 2585 290 2674 srmdenda
314 2603 391 2660 erat
414 2585 623 2681 requisitio,
655 2588 872 2684 porrigenda
891 2587 1038 2681 quaestio
1063 2587 1101 2660 in
1123 2584 1194 2664 soe*

106 2687 186 2776 cios
207 2685 450 2780 consciosque.
500 2685 787 2760 Perducerentur
810 2687 990 2762 infantarii
1012 2685 1180 2782 &coqui

106 2787 145 2860 oe
170 2785 233 2881 lpsr
256 2807 363 2859 canes
385 2787 570 2881 pronubi,
604 2785 793 2860 emendata
815 2807 874 2862 res
901 2786 998 2866 esset.
1057 2787 1178 2868 Euan

104 2884 312 2982 spectaculis
330 2887 443 2984 gratia
456 2887 726 2984 adgregaretur:
748 2889 994 2980 quantoenirn
1006 2887 1124 2964 studio
1139 2891 1180 2964 in
1293 2973 1295 2978 ¹

105 3007 258 3062 caveam
272 2988 550 3080 conveniretur,
577 2987 826 3085 depugnaturo
844 2990 988 3085 aliquo,
1015 2991 1075 3082 qui
1096 3009 1181 3064 cen-

105 3099 186 3163 ttun
209 3081 365 3160 infantes
391 3085 627 3162 devorasset?
652 3087 724 3160 Sed
749 3089 865 3182 enirn,
893 3102 968 3166 tam
995 3089 1179 3168 horrenda

1 3268 2 3281 Ν
103 3199 252 3280 tamque
268 3184 492 3262 monstruosa
510 3187 555 3260 de
569 3189 675 3262 nobis
695 3187 927 3285 deseruntur,
952 3191 1079 3283 utique
1099 3191 1180 3272 erui

105 3285 324 3380 debuerunt,
340 3307 387 3362 ne
399 3287 620 3365 incredibilia
633 3287 857 3382 viderentur,
869 3289 904 3364 u
917 3291 1041 3364 odiurn
1054 3289 1091 3364 in
1107 3309 1178 3364 nos

104 3385 291 3482 publicum
311 3383 568 3481 refrigesceret.
594 3409 677 3462 narn
694 3388 729 3460 dr
751 3388 912 3482 plerique
927 3387 1036 3464 sidem
1053 3389 1179 3471 talium
1306 3417 1307 3426 ³

1 3494 8 3507 ¹·
104 3499 332 3582 temperant,
357 3485 553 3561 horrentes
562 3502 725 3562 naturam
739 3507 897 3580 quaerere
909 3491 1079 3586 pabulum
1094 3487 1179 3564 feri·

103 3607 215 3682 nuru,
240 3607 346 3680 quarn
360 3587 578 3660 concubitus
599 3589 642 3662 ab
667 3587 825 3664 humano
839 3611 970 3686 genere
989 3589 1177 3684 praelusit.
1243 3629 1246 3638 ·

182 3707 216 3780 3.
243 3684 323 3762 Vos
344 3685 475 3784 igitur,
501 3688 586 3762 alias
610 3687 873 3785 diligentislimi,
908 3711 950 3764 ac
973 3687 1178 3786 pertinacis·

104 3785 181 3862 suni
201 3783 408 3862 discussores
430 3784 600 3864 scelerum
625 3789 735 3884 longe
754 3790 962 3886 minorum,
996 3809 1077 3864 curn
1099 3791 1178 3864 tali·

102 3888 268 3964 bustam
289 3887 529 3966 horrendis&
553 3909 698 3966 ormrenr
720 3887 940 3985 impietatem
956 3887 1176 3990 supergressis

1050 4009 1129 4066 catu
