2618 4340
223 243 232 256 .
379 143 956 228 D'rSrncracunrs.
1154 167 1197 241 13

204 331 240 404 ς.
266 311 330 386 De
347 309 544 408 originibus
562 309 705 402 quidem
721 323 763 382 ut
780 307 1033 384 secretioribus
1049 307 1213 406 &igno-s

6 425 13 462 ⁹
122 415 172 490 tis
190 433 304 507 penes
319 413 440 506 plures
461 409 667 486 nostrorum
692 411 818 504 altius,
843 431 913 484 nec
938 409 1079 482 aliunde
1095 409 1199 483 inve·

105 509 325 611 'stigandum
344 512 436 604 suit,
465 524 569 603 quam
585 511 630 582 de
646 509 886 594 instrumentis
901 509 1125 583 ethnicarum
1141 508 1198 582 lit·

6 605 15 656 f
122 629 295 690 terarum.
355 608 687 684 Exstant'ausbores
708 608 838 704 multi,
883 609 943 702 qui
960 605 1064 703 super
1079 605 1142 680 ista
1156 629 1199 682 re
1241 615 1256 643 ²

6 703 12 724 '
124 711 407 806 commentarios
426 709 625 784 ediderunt.
682 708 745 782 Ab
765 710 820 784 his
840 707 1010 782 ludorum
1029 709 1134 804 origo
1150 707 1211 795 sic.
1269 782 1271 786 .

6 831 9 841 ’
121 813 289 888 traditur.
340 809 467 904 Lydos
485 829 531 883 ex
543 805 627 882 Asia
647 805 854 884 transvenas
871 809 909 882 in
924 808 1099 882 Hetruria
1110 813 1199 881 con-¹
1272 852 1291 868 „

6 929 9 942 ’
120 911 270 1006 sedisse,
297 909 509 984 utTimaeus
525 909 660 1002 refert,
692 908 783 982 duce
800 908 1019 1002 Tyrrheno,
1048 909 1108 1000 qui
1127 907 1201 983 fras

6 1029 8 1040 ’
54 1004 83 1086 .’
124 1009 259 1086 tri'suo
278 1008 425 1086 cesserat
441 1009 542 1108 regni
563 1009 814 1084 contentione.
873 1007 986 1104 Igitur
998 1008 1041 1080 ‘in
1063 1008 1196 1082 Hetru-

6 1133 7 1140 ‘
121 1113 181 1185 ria
199 1113 295 1186 inter
318 1125 460 1184 ceteros
479 1109 569 1182 ritus
590 1107 880 1202 superstitionum
904 1105 1044 1181 sumtum
1067 1105 1203 1201 spasmo

122 1213 211 1286 cula
230 1232 372 1304 quoque
392 1210 574 1306 religionis
594 1209 742 1282 nomine
762 1207 962 1284 instituunt.
1012 1206 1102 1282 Inde
1122 1207 1198 1282 Ro*

125 1311 224 1386 mani
242 1311 430 1386 accersitos
446 1305 599 1384 artifices
617 1303 852 1402 mutuantur,
881 1322 1050 1402 tempus,
1084 1327 1196 1382 enun-

125 1411 336 1506 tiationem,
364 1425 407 1482 ut
419 1407 646 1502 ludiaLydis
661 1421 895 1483 vocarentur.
947 1407 1019 1482 Sed
1034 1405 1196 1482 etliVar·

124 1531 172 1584 ro
189 1510 295 1584 ludos
312 1510 457 1602 eludo,
486 1507 587 1581 idest
604 1529 625 1582 a
641 1505 718 1582 lusu
738 1509 1020 1602 interpretatur,
1046 1507 1137 1582 fiout
1159 1507 1196 1581 dr

122 1610 315 1702 Lupercos
331 1609 445 1684 'ludos
470 1608 729 1703 appellabant,
764 1607 863 1702 quod
885 1606 1044 1682 ludendo
1065 1605 1195 1682 discur-

119 1725 230 1784 rant:
257 1724 375 1786 tamen
398 1729 480 1782 eum
496 1706 607 1782 lusum
621 1707 846 1801 juvenum&
865 1708 989 1780 debus
1006 1703 1102 1782 sestis
1119 1759 1133 1802 ,
1159 1707 1196 1784 dt

123 1808 291 1982 tempffls,
321 1808 600 1905 &religionibus
617 1821 772 1902 reputat
823 1806 926 1882 Nihil
931 1808 1004 1902 jam
1020 1807 1064 1882 de
1080 1805 1196 1883 caussa

24 1964 40 1992 .
124 1931 203 1982 voc
249 1909 321 2003 uli,
349 1929 429 1982 curn
443 1909 496 1981 rei
511 1905 625 1982 caussa
638 1907 845 1982 idololatria
854 1907 906 1982 sit.
957 1905 1196 2002 Nasuam

121 2005 330 2104 promiscue.
343 2007 604 2099 ludiLiberalia
616 2021 861 2102 uocarentur,
877 2009 1057 2082 honorem
1070 2007 1195 2082 Liberi

14 2148 25 2163 ·
76 2098 106 2140 ¹·
121 2110 237 2204 patris
250 2106 631 2198 manifestasonabant.
682 2108 819 2184 Libero
831 2105 1107 2182 enimumsticis
1122 2109 1193 2202 pm'-
1229 2123 1231 2135 ·

110 2230 187 2292 ‚mo
201 2204 337 2284 fiebant
353 2209 402 2282 ob
417 2203 633 2282 beneficium
654 2207 753 2302 quod
771 2207 805 2282 ei
825 2205 1027 2296 adscribunt
1042 2227 1112 2301 pro
1129 2209 1198 2285 do·

120 2307 321 2384 monstrata
342 2309 455 2404 gratia
473 2307 563 2386 vini.
614 2307 755 2384 Exinde
777 2307 859 2382 ludi*
873 2305 1062 2382 Consualia
1087 2305 1192 2404 disti,

122 2409 187 2501 qui
204 2409 310 2482 initio
327 2407 542 2504 Neptunum
558 2409 801 2484 honorabant.
863 2403 1028 2482 Erurdem
1048 2407 1193 2482 enim&
1237 2465 1242 2476 ,

28 2518 36 2535 “
125 2503 283 2584 consum
306 2510 501 2585 vocabant.
559 2507 705 2606 Dehinc
721 2507 869 2602 Equiria
886 2503 998 2580 Marti
1015 2505 1192 2584 Romulus

123 2607 238 2682 dixit:
282 2627 493 2702 quamquam
514 2608 550 2681 dt
574 2605 763 2682 Consualia
783 2605 943 2682 Romulo
969 2605 1191 2705 defendunt,

122 2707 225 2800 quod
248 2729 290 2782 ea
312 2707 434 2784 Conso
457 2707 635 2782 dicaverit
651 2707 765 2801 Deo,
791 2719 834 2780 ut
850 2709 1008 2800 volunt,
1037 2704 1191 2786 consilii:

120 2809 202 2901 eius
220 2805 377 2902 scilicet,
404 2828 481 2902 quo
495 2823 584 2882 orno
605 2807 813 2882 Sabinarum
833 2807 1013 2906 virginum
1031 2803 1193 2904 rapinam

119 2907 294 2983 militibus
320 2906 389 2982 suis
411 2908 450 2982 in
475 2908 704 2986 matrimonia
732 2908 966 3005 excogitavit.
1031 2907 1194 3001 Probum

120 3007 231 3102 plane
252 3007 466 3102 confilium,
500 3007 536 3082 tr
555 3029 653 3082 nunc
672 3028 817 3102 quoque
835 3007 929 3102 apud
945 3007 1039 3103 ipsos
1058 3009 1192 3084 Roma
1208 3018 1220 3036 '⁴

121 3125 194 3182 nos
215 3107 346 3200 iustum
366 3107 402 3184 δι
422 3107 587 3202 licitum,
623 3129 674 3182 ne
704 3107 880 3202 dixedm,
918 3129 1030 3204 penes
1056 3107 1191 3186 Deum.

119 3205 227 3282 Facit
241 3207 336 3282 enim
352 3209 397 3294 ad
410 3210 465 3280 o'
493 3209 558 3282 'nis
572 3207 768 3303 maculam,
794 3209 990 3284 nebonum
1000 3206 1192 3304 existimes,

119 3305 224 3402 quod
240 3307 415 3386 initimna
431 3229 536 3384 bfialb
554 3308 714 3404 accepit,
743 3309 787 3385 ab
803 3307 1049 3402 impudentia,
1074 3310 1195 3384 auos

118 3405 254 3501 lenda,
281 3408 326 3482 ab
344 3406 452 3504 odio,
481 3405 699 3484 afratricida
712 3407 938 3502 institutore,
959 3431 987 3481 o
1001 3403 1078 3482 filio
1093 3405 1192 3484 Mas

120 3508 186 3593 tis‘r
214 3507 251 3580 dc
265 3527 364 3584 nunc
379 3529 440 3582 ara
449 3505 573 3584 Conso
584 3507 639 3584 illi
657 3507 696 3582 in
707 3509 817 3584 Circo
832 3509 877 3582 de
895 3505 986 3582 soffa
997 3505 1050 3585 est
1061 3507 1105 3584 ad
1120 3509 1192 3604 pri·

94 3627 196 3687 um
222 3620 335 3682 metat
360 3605 424 3684 sub
450 3621 573 3706 tetra,
609 3627 692 3684 cum
711 3609 945 3702 inscriptione
967 3605 1190 3705 huiusmodi,

120 3723 262 3784 cousos
289 3727 491 3802 consono,
524 3727 627 3784 mars
653 3728 819 3786 omaro.
855 3727 987 3790 ,maes
1025 3727 1193 3786 comatre

113 3825 354 3898 mmet..
378 3805 592 3920 meant
610 3808 705 3907 apud
727 3808 936 3916 amnonis
955 3807 1191 3996 Juligoszoer·

1199 4148 1254 4160 ⁴
