2572 4332
99 138 199 220 '120
263 116 657 242 ‘Quarum
684 97 1052 216 Terruittanr
1163 145 1196 252 h·

130 301 227 378 inter
240 299 476 396 contumelias
491 297 692 394 saginandi,
717 295 778 372 sed
791 319 859 390 qua
877 322 990 394 penes
1013 297 1126 376 deum
1146 321 1239 376 ma-

127 403 191 496 jor
216 401 265 474 eil
285 399 546 492 contemplatio
567 397 813 474 mediocrium.
864 399 900 472 Si
923 399 1074 474 honesta
1099 399 1242 477 causl'a

131 491 185 578 e'st
200 500 388 590 convivii,
412 499 586 589 reliquum
609 497 773 572 ordinem
801 495 989 590 disciplinae
1016 499 1233 594 aestimate,

25 662 28 673 .
132 599 194 696 qui
212 599 282 688 lit,
313 597 358 672 de
372 598 555 694 religionis
571 594 715 674 officio.¹
732 597 821 680 nihil
843 599 1014 691 vilitatis,
1038 600 1136 674 nihil
1156 599 1234 673 irn-

131 696 314 778 modestiae
329 695 512 788 admittit,
545 719 623 772 non
646 699 743 793 prius
762 695 991 790 discumbitur
1007 719 1117 790 quam
1141 720 1237 772 ora·

49 855 53 865 .
132 799 189 874 tio
213 797 382 874 addeum
406 795 649 894 praegustetur.
677 797 794 870 editur
823 815 993 890 quantum
1016 797 1233 876 esurientes

134 896 299 992 capiunt:
317 897 451 972 bibitur
462 911 633 990 quantum
647 895 785 994 pudicis
800 899 850 972 est
866 899 966 974 utile.
992 897 1043 970 ita
1056 897 1231 974 saturan-

133 1010 221 1084 tur,
245 1011 287 1068 ut
306 997 364 1090 qui
380 997 609 1070 meminerint
626 995 735 1072 etiam
752 1017 817 1093 per
834 997 976 1074 nostem
991 997 1229 1072 adorandum

52 1111 58 1132 ·
133 1095 241 1186 deum
256 1096 317 1170 fibi
332 1093 419 1170 effe:
445 1096 495 1170 ita
509 1095 733 1189 fabulantur,
760 1097 876 1190 utqui
892 1096 1003 1172 sciant
1024 1093 1229 1174 dominum

133 1197 269 1282 audire.
319 1193 403 1268 Post
425 1217 549 1288 aquam
570 1197 771 1272 manualem
793 1195 828 1270 dt
852 1197 1047 1274 luminant
1071 1195 1232 1289 quisque

95 1365 102 1380 ,
134 1295 181 1372 de
201 1293 382 1388 scripturis
403 1293 555 1396 sanclis,
581 1294 707 1370 uelde
726 1298 878 1390 proprio
898 1298 1045 1394 ingenio
1068 1295 1228 1394 potest,

133 1412 367 1493 provocatur
391 1393 428 1466 in
454 1393 710 1472 mediumdeo
737 1415 892 1470 canere:
930 1397 1015 1472 hinc
1038 1398 1230 1492 probatur

106 1490 110 1500 ’
134 1493 327 1590 quomodo
342 1491 485 1569 biberit
537 1493 666 1586 Aeque
683 1495 802 1568 oratio
827 1496 1042 1572 convivium
1063 1495 1228 1572 dirimit:

101 1667 104 1677 ‚
134 1588 219 1668 inde
240 1591 431 1668 disceditur
451 1615 528 1666 non
554 1591 591 1668 in
615 1609 779 1670 cateruas
800 1595 1018 1688 caestonurn,
1044 1615 1170 1687 neque
1188 1596 1226 1669 in

135 1691 261 1772 classes
275 1691 589 1790 discursationum,
616 1697 737 1770 necin
752 1695 960 1790 eruptiones
977 1693 1223 1787 lasciviarum,

134 1789 196 1876 sed
216 1793 259 1866 ad
285 1795 434 1868 eandem
457 1815 577 1871 curam
597 1793 778 1868 modestiae
804 1793 838 1868 &
862 1796 1066 1888 pudicitia,
1100 1795 1225 1886 utqui

134 1911 214 1969 non
233 1905 305 1967 tam
317 1915 460 1968 *coenam
475 1894 719 1986 tumuerint,
741 1913 846 1984 quam
859 1891 1086 1990 disciplinam.
1129 1893 1223 1968 Haec

135 1993 255 2069 coitio
284 1989 563 2068 Christianorum
590 1993 720 2069 merito
748 1991 828 2066 sane
853 1993 998 2088 illicita,
1034 1995 1058 2070 si
1085 1993 1222 2068 illicitis

134 2110 222 2266 pat:
245 2093 378 2166 merito
403 2091 628 2185 damnanda,
661 2093 780 2166 srnon
802 2091 965 2172 dissimilis
985 2093 1222 2188 damnandis,

53 2187 58 2199 '
148 2271 153 2280 ι
191 2189 268 2284 quis
292 2190 338 2264 de
363 2212 406 2264 ea
423 2191 584 2284 queritur
611 2213 656 2265 eo
679 2193 811 2285 titulo,
839 2213 911 2286 quo
935 2191 1219 2268 defectionibus

137 2289 282 2384 querela
301 2289 363 2367 est.
416 2289 455 2367 in
477 2291 577 2383 cujus
605 2291 800 2384 perniciem
823 2292 1014 2386 aliqnando
1040 2293 1217 2388 conveni·

136 2387 248 2464 musi
271 2389 361 2464 Hoc
378 2387 493 2465 sumus
516 2391 751 2490 congregati,
782 2393 881 2484 quod
897 2393 933 2466 u
956 2389 1120 2487 dispersi,
1147 2393 1220 2467 hoc

39 2571 42 2577 ¹
136 2491 317 2582 universi,
346 2489 446 2584 quod
464 2487 660 2587 dungali:
685 2491 866 2568 neminem
887 2489 1079 2586 laedentes,
1107 2491 1215 2567 nemi·

137 2607 222 2664 nem
242 2589 507 2668 contristantes.
561 2593 682 2686 Quum
694 2590 821 2684 probi,
842 2605 948 2685 quum
961 2591 1050 2666 boni
1067 2605 1216 2692 coeunt,

58 2743 61 2762 .
139 2707 249 2778 qnnm
275 2691 349 2782 pii,
374 2713 482 2783 quum
504 2690 585 2766 casti
608 2705 964 2790 congreganturnon
979 2689 1152 2770 estfadio
1169 2691 1217 2770 di-

76 2793 81 2805 '
138 2785 276 2880 cende,
303 2787 513 2879 sedeuria,
625 2801 629 2808 ’
815 2797 819 2806 “

214 2907 274 2972 4ο.
303 2885 386 2962 Ate
403 2889 589 2964 contrario
605 2889 673 2964 illis
689 2909 823 2964 nomen
835 2887 1000 2964 fadionis
1018 2909 1216 2964 accommo-

139 2983 297 3060 dandum
311 2987 383 3064 est:
408 2989 467 3080 qui
484 2988 521 3064 in
537 2988 660 3064 odium
669 2990 854 3064 bonorum
870 2989 1117 3083 &probonnn
1133 3013 1217 3064 con·

140 3081 301 3180 spirant,
329 3087 389 3181 qui
414 3085 601 3164 adversum
626 3085 829 3185 sangninem
853 3089 1104 3180 innocentium
1128 3109 1213 3164 con·

74 3183 77 3190 ⁴
139 3186 317 3279 clamant,
338 3201 579 3282 pretexentes
597 3186 679 3264 sane
695 3187 739 3264 ad
757 3189 832 3263 odii
846 3187 1102 3284 defensionem,
1122 3189 1212 3267 iilam

141 3305 290 3384 quoque
315 3285 535 3382 uanitatem,
570 3289 670 3382 quod
694 3287 896 3364 existiment
927 3289 1044 3363 omnis
1069 3289 1213 3384 publica

37 3409 48 3432 ·
141 3383 282 3478 cladis,
310 3387 426 3463 omnis
448 3389 632 3482 popularis
652 3388 875 3464 incommodi
907 3385 1124 3464 Christianos
1148 3387 1213 3468 eise

144 3481 307 3574 caussam.
357 3487 393 3563 si
410 3483 555 3562 Tiberis
574 3487 732 3562 ascendit
749 3487 786 3562 in
799 3487 957 3584 moe'nia,
983 3484 1125 3566 fiNilus
1140 3507 1213 3568 non
1263 3537 1264 3564 r

144 3579 301 3658 ascendit
320 3585 358 3660 in
378 3605 489 3681 arva,
522 3585 548 3664 fi
573 3589 701 3662 coelnm
715 3585 842 3682 stetit,
872 3587 1011 3663 stterra
1028 3589 1163 3680 movit,
1186 3589 1212 3676 fi

143 3681 286 3778 sanes,
310 3685 334 3759 sr
357 3685 455 3780 lues,
481 3685 596 3760 statim
618 3683 838 3780 Christianos
856 3685 900 3760 ad
918 3689 1076 3764 leonem.
1104 3681 1211 3762 'Tan-

145 3781 208 3857 t'os
222 3781 267 3860 td
285 3783 423 3866 unum?
448 3781 531 3862 Oro
549 3807 646 3888 vos,
671 3801 756 3864 ante
770 3785 983 3886 Tiberium,
1009 3783 1209 3972 idqegpnte

1126 3965 1128 3970 ’
1263 3963 1264 3994 l
