2616 4336
361 217 733 309 summosses.
783 219 967 311 L1n.·r.-
1116 252 1191 337 159
1267 205 1270 217 ¹

114 397 213 474 &aum
233 397 324 490 erit,
351 406 480 488 nempe
504 393 549 466 de
566 395 675 468 olive
689 395 845 488 nucleo,
873 395 1017 470 &nuce
1039 380 1185 496 perlici,

1 539 2 574 ;
114 499 153 573 &
173 517 286 594 grano
306 495 438 592 piperis
457 493 520 597 sub
545 505 643 568 terra
663 507 866 588 temperato
898 497 1006 568 arbor
1031 497 1187 598 exsurgit

1 633 2 638 Ν
112 600 153 672 in
170 618 318 692 ramos,
344 597 382 668 in
406 615 567 686 comam,
598 595 635 666 in
656 593 809 689 speciem
824 591 876 666 sui
895 598 1045 691 generis.
1072 623 1074 632 ¹
1097 595 1187 674 Eam

112 697 373 788 fitransseras,
398 696 461 766 vel
487 693 533 766 de
556 693 710 768 brachiis
735 695 813 786 eius
833 695 870 766 in
897 697 999 770 aliam
1024 695 1187 774 subolem

113 797 249 890 utaris,
283 797 341 870 cui
368 792 598 888 deputabitur
623 791 722 886 quod
749 793 794 866 de
819 794 978 868 traduce*
992 801 1186 892 provenit,

1 951 3 976 ,
114 916 195 972 non
212 897 262 970 illi
283 916 425 992 granu,
457 907 519 966 aut
536 895 621 965 nuci
639 907 700 966 aut
711 895 855 970 nucleo,
906 895 1002 972 Nam
1017 919 1098 972 curn
1114 912 1185 973 ter-

1 981 3 1076 Ϊ
113 1000 188 1078 tius
208 995 335 1092 gradus
359 993 516 1068 secundo
542 991 781 1084 adscribitur,
808 1017 907 1088 aeque
927 997 1044 1090 primo
1064 996 1185 1074 secun-

116 1098 206 1190 dus,
233 1098 279 1170 fic
303 1095 431 1168 tertius
454 1091 626 1191 redigitur
650 1093 693 1165 ad
713 1093 864 1186 primum
886 1095 1097 1171 transmissus
1121 1119 1187 1192 per

1 1189 2 1276 J
115 1196 320 1272 secundum.
374 1191 457 1268 Nec
490 1191 620 1264 diutius
645 1189 749 1286 super
772 1191 842 1266 isto
870 1200 1187 1292 argumentandum
1274 1219 1280 1226 ·

1 1345 3 1386 :
34 1359 41 1368 .
116 1295 193 1389 est,
220 1294 363 1388 quando
384 1293 534 1366 naturali
549 1287 818 1385 prescriptione
836 1315 945 1372 omne
963 1301 1111 1375 omnino
1129 1310 1196 1396 gea·

114 1417 184 1472 nus
197 1394 337 1470 censum
354 1393 397 1466 ad
415 1391 589 1488 originem
604 1391 735 1486 refert,
763 1405 971 1490 quantoque
981 1417 1092 1494 genus
1106 1420 1188 1471 cen·

98 1494 237 1588 setar,
270 1507 375 1567 tanto
397 1495 501 1589 origo
522 1493 742 1564 conveniuu
765 1491 802 1566 in
821 1515 961 1591 genere.
1021 1498 1057 1571 Si
1078 1497 1188 1596 igitur

1 1583 2 1598 '
113 1597 152 1670 in
167 1615 300 1691 genere
328 1595 478 1666 deorum
498 1611 645 1666 crucum
672 1593 846 1688 originem
861 1597 1004 1692 colitis,
1037 1599 1097 1672 hic
1118 1600 1188 1672 erit

113 1697 266 1770 nucleus
288 1695 484 1790 &granum
499 1691 758 1787 primordiale,
792 1713 838 1766 ex
861 1695 987 1787 quibus
1006 1697 1099 1790 apud
1114 1719 1188 1772 vos

113 1793 383 1869 simulacrorum
398 1794 495 1868 silvae
511 1805 767 1887 propagantur.
826 1789 880 1866 At
893 1797 1077 1870 manifesta
1093 1798 1187 1890 jam:

1 1937 2 1944 κ
113 1893 287 1968 viilorias
303 1907 345 1966 ut
362 1893 531 1986 numina,
555 1891 589 1964 dc
606 1892 747 1984 quidem
759 1891 960 1989 augustiora
976 1913 1111 1990 quanto
1131 1899 1202 1970 lae-'

1 2034 2 2040 κ
114 1995 232 2088 tiore,
257 1991 476 2067 veneramini
493 1990 575 2064 Con
588 2049 596 2066 .
608 2048 617 2066 .
630 2049 639 2066 .
652 2049 660 2066 .
674 2015 745 2065 one
759 1993 843 2086 quid
854 1995 979 2069 melius
996 1997 1188 2092 extollam,

1 2175 2 2182 ἵ
57 2126 67 2149 ·
115 2115 242 2166 cruces
263 2107 368 2168 erunt
384 2091 549 2166 intestina
564 2091 832 2183 quodammodo
850 2107 1082 2190 tropaeorum.
1119 2101 1187 2170 lta-

26 2268 36 2289 g
97 2201 188 2288 -que
206 2195 244 2266 in
261 2193 423 2268 victoriisx
440 2193 612 2287 &cruces
633 2193 722 2266 colit
737 2191 916 2268 castrensrs
933 2199 1079 2294 religi0,
1095 2197 1190 2293 figna

115 2290 266 2388 adorat,
299 2295 395 2390 figna
418 2293 575 2385 dejerat,
601 2291 698 2387 figna
714 2287 776 2384 ipll
801 2293 888 2387 Jovi
912 2295 1065 2389 praesert.
1117 2297 1189 2370 Sed

1 2438 3 2490 ;
113 2395 177 2467 ille
195 2395 386 2491 imaginum
402 2391 600 2490 suggestus,
627 2394 661 2464 dc
679 2393 793 2466 totius
816 2396 890 2466 auri
910 2395 1048 2490 cultus,
1073 2399 1189 2476 rnoni-

1 2517 2 2562 ι
113 2493 164 2567 lia
182 2515 328 2570 cmcum
350 2491 464 2570 sunt·
494 2491 553 2564 Sic
571 2491 678 2564 etiarn
698 2491 736 2564 in
753 2495 930 2568 cantabris
950 2509 1056 2587 atque
1073 2497 1188 2569 vexil-
1234 2535 1237 2542 ·

114 2593 181 2686 lis,
211 2613 287 2686 que
307 2615 384 2668 non
406 2593 548 2668 minore
573 2589 755 2665 sanuitate
782 2593 906 2666 militia
933 2595 1128 2688 custodit,
1148 2595 1188 2670 fi-

1 2682 3 2739 J
113 2693 228 2788 phara
243 2693 303 2766 illa
323 2693 439 2766 vestes
463 2713 610 2766 crucum
625 2689 717 2766 sunt.
768 2687 1007 2791 Erubescitis,
1033 2697 1189 2790 opinor,

1 2785 2 2874 Ὗ
114 2793 271 2866 incultas
293 2793 327 2866 lla
346 2793 457 2868 nudas
478 2813 604 2866 enices
627 2793 760 2868 colere.

1 2889 2 2896 '
197 2915 252 2986 13.
297 2891 370 2966 Alii
403 2897 510 2986 plane
544 2893 754 2988 humanius,
799 2891 911 2969 solem
953 2889 1189 2972 Christianum

113 2987 237 3068 Deum
252 2991 441 3082 affimant3
471 2993 568 3086 quod
589 2993 790 3068 innotuerit
805 2993 848 3067 ad
875 2996 1027 3068 orientis
1050 3012 1193 3090 partem

1 3089 3 3177 ᾗ
113 3091 236 3167 facere
251 3115 319 3166 nos
336 3093 608 3187 precationem,
635 3095 698 3166 vel
712 3093 768 3166 die
782 3092 866 3174 solis
878 3095 1034 3168 letitiam
1053 3111 1189 3173 curare.

1 3178 2 3268 ἕ
115 3191 218 3294 Quid
241 3213 312 3266 vos
334 3195 450 3266 minus
475 3191 621 3268 facitis?
658 3191 749 3266 Non
764 3195 935 3288 plerique
962 3193 1199 3268 affeiiao'one'

115 3291 287 3368 adorandi
308 3291 498 3384 aliquando
518 3291 624 3366 etiam
641 3291 794 3366 coelestia
819 3293 862 3367 ad
880 3293 962 3368 solis
987 3295 1126 3368 initium
1142 3296 1189 3366 la·

113 3391 181 3466 bra
196 3393 358 3468 vibratis.
411 3393 493 3466 Vos
517 3392 608 3465 certi
625 3391 727 3487 estis,
763 3393 822 3486 qui
849 3397 954 3468 etiam
973 3395 1012 3466 in
1037 3395 1191 3466 latercu-

113 3493 190 3566 lum
211 3490 345 3586 septem
362 3491 499 3564 dierum
519 3489 630 3566 solem
643 3493 848 3588 recepistis3
870 3495 921 3578 ,δι
935 3517 980 3568 ex
996 3491 1120 3566 diebus
1138 3493 1190 3586 ip-

114 3587 190 3666 sum
205 3589 429 3687 prelegistis,
474 3613 547 3683 quo
571 3591 628 3666 die
653 3593 836 3668 lavacrum
856 3591 1088 3688 subtrahatis,
1128 3601 1191 3664 aut

112 3691 153 3766 in
172 3689 357 3784 vesperam
380 3689 551 3764 differatis
558 3743 572 3784 ,
608 3705 670 3764 aut
688 3695 802 3766 otium
827 3693 1067 3791 &prandium
1089 3701 1189 3766 cure-

1 3823 2 3868 :
112 3787 173 3866 tis.
226 3792 340 3892 Quod
364 3793 506 3884 quidem
526 3791 642 3866 facitis
671 3795 916 3868 exorbitantes
940 3795 974 3866 dt
997 3793 1058 3888 ipsr
1083 3815 1104 3866 a
1126 3795 1195 3865 vei
1243 3822 1250 3840 ¹

1 3930 3 3982 ÷
113 3887 194 3968 stris
209 3893 253 3966 ad
270 3891 400 3968 alienas
421 3891 628 3992 religiones.
680 3892 792 3990 Jud'ei
807 3895 901 3972 euim
917 3893 1012 3992 sesti,
1031 3891 1189 4064 sabbgatta,
