2572 4332
179 195 232 284 qr
329 139 1101 285 Q.Snrn.hou·?sanuntranr
1171 153 1176 160 ’
1259 197 1264 264 ;

180 344 288 440 quain
301 337 461 438 stuprum
475 355 583 435 atque
594 339 806 414 adulterium
819 335 1165 430 mortemadierunt,
1180 333 1252 432 jai

178 443 219 520 in
240 443 294 518 his
310 465 408 536 aeque
422 441 629 518 idololatria
650 439 694 514 de
715 439 899 518 homicidii
915 451 1019 536 reatu
1033 459 1109 514 non
1124 441 1253 515 libera·

178 555 251 620 tur.
302 541 388 617 Post
404 545 491 616 ralia
508 541 682 634 crimina,
709 553 782 613 tam
806 537 979 632 ex'itiosa,
1001 553 1074 616 tam
1096 541 1252 629 devora·

178 644 277 718 toria
286 641 421 736 salutis,
441 656 568 716 cetera
580 657 725 732 quoque
736 639 888 732 aliquem
901 637 1098 716 admodum
1111 635 1252 712 &seor-

177 739 254 817 sum
285 741 443 838 proinde
472 737 657 835 dispolita,
695 739 733 813 in
763 739 973 813 Idololatria
1001 739 1252 815 conditionem

177 840 274 918 suam
300 839 564 936 repraesentant
616 839 657 914 ln
679 838 740 914 illa
761 839 795 914 bt
816 838 1112 932 concupiscentiae
1130 837 1252 917 seculi.

178 943 272 1042 Quae
285 941 379 1017 enim
393 939 607 1016 idololatriae
620 935 813 1030 solennitas
827 937 906 1014 srne·
920 938 1115 1014 ambitione
1130 939 1251 1012 cultus

63 1113 71 1126 ,
137 1041 140 1052 ’
176 1038 214 1116 dt
233 1039 409 1116 ornatus?
433 1039 474 1114 ln
491 1041 551 1114 illa
567 1037 718 1114 lasciviae
739 1037 774 1110 dt
791 1039 1009 1132 ebrietates,
1040 1059 1122 1112 cum
1140 1037 1253 1131 plurl·

175 1159 276 1220 ωιτη
297 1139 422 1214 mum·
437 1139 474 1213 dt
493 1139 633 1230 ventris
656 1135 692 1212 dt
713 1137 867 1212 libidinis
889 1136 1003 1212 caulla
1019 1137 1250 1230 frequentan-

130 1273 132 1281 ·
175 1244 248 1316 tur.
299 1237 342 1314 ln
360 1239 421 1314 illa
436 1237 614 1332 injustitia.
666 1237 764 1338 Quid
779 1237 874 1312 enim
890 1236 1050 1330 injustius
1082 1257 1143 1330 ea,
1173 1255 1249 1330 quat

172 1337 317 1436 justitia
336 1351 477 1433 patrem
499 1335 639 1430 nescit?
674 1335 715 1412 ln
739 1337 799 1410 illa
820 1338 927 1415 etiam
946 1337 1111 1430 vanitas,
1138 1357 1251 1429 quum

175 1451 258 1513 tota
272 1439 347 1532 ejus
362 1437 459 1511 ratio
470 1457 566 1510 vana
578 1437 632 1512 fit:
655 1437 693 1511 in
708 1435 768 1510 illa
782 1435 1018 1531 mendacium,
1046 1457 1155 1529 quum
1169 1447 1250 1512 totu

174 1535 367 1612 substantia
385 1537 461 1632 ejus
476 1535 630 1612 mendax
651 1537 702 1612 stt.
755 1535 811 1610 Ita
825 1533 887 1630 fit,
914 1549 956 1610 ut
973 1539 1094 1613 omnia
1119 1537 1156 1615 in
1173 1536 1249 1610 ido·

174 1627 343 1731 lolatria,
378 1635 475 1711 &in
510 1637 676 1710 omnibus
707 1635 913 1710 idololatria
948 1636 1249 1731 deprehendamur.

33 1789 35 1794 -
174 1725 248 1812 sed
267 1737 305 1810 dr
321 1736 404 1810 alias
418 1755 526 1829 quum
538 1735 705 1810 universe
721 1735 846 1810 delista
866 1733 1032 1810 adversus
1048 1733 1251 1814 Dominum

174 1833 325 1930 sapiant,
349 1835 437 1911 nihil
453 1847 574 1910 autem
592 1836 691 1929 quod
711 1834 877 1910 adversus
894 1833 1093 1932 Dominum
1114 1833 1248 1931 sapiat,

174 1955 255 2010 non
278 1935 461 2011 demonis
477 1933 513 2011 dt
529 1936 718 2010 immundis
739 1932 915 2028 spiritibus
933 1936 1144 2038 deputemur,
1174 1935 1249 2028 qul·

174 2035 243 2110 bus
258 2035 356 2127 idola
370 2036 633 2129 mancipantur:
659 2035 732 2109 fine
748 2035 858 2108 dubio
871 2033 1111 2110 idololatriam
1124 2034 1249 2126 admit·

174 2133 242 2229 tit,
269 2135 472 2228 quicunque
490 2135 682 2229 delinquit:
707 2133 745 2210 id
760 2136 855 2210 enim
878 2133 965 2209 facit
986 2135 1083 2230 quod
1108 2133 1152 2206 ad
1170 2133 1250 2208 ido·

174 2235 296 2312 lenm
315 2235 496 2330 mancipes
515 2236 685 2329 pertinet

182 2357 189 2374 ⁴
253 2357 285 2410 a.
310 2333 381 2409 Sed
390 2329 556 2408 universa
565 2333 712 2408 nomina
724 2332 909 2408 criminum
922 2327 1145 2405 discedantin
1159 2351 1250 2426 ope,

99 2523 104 2530 ,
175 2455 257 2512 tum
270 2431 415 2509 suorum
426 2434 692 2528 proprietates,
717 2445 901 2506 remaneat
918 2429 1127 2506 Idololatria
1142 2432 1183 2530 in
1200 2448 1251 2510 eo

176 2535 277 2628 quod
291 2531 363 2628 ipsa
383 2533 455 2609 est:
482 2531 606 2610 litfficlt
622 2533 684 2608 fibi
701 2545 773 2606 tam
788 2531 969 2608 ininicmn
989 2527 1075 2603 Deo
1088 2551 1249 2629 nomen,

176 2645 251 2748 tam
269 2635 433 2726 locuples
451 2631 639 2708 substantia
656 2632 832 2726 criminis,
859 2651 935 2724 quae
951 2643 1011 2704 tot
1028 2645 1146 2746 ramos
1162 2652 1251 2725 por·

138 2929 140 2932 .
175 2730 1252 2926 {tl’slttl‘dtfffflillltitillantibus

85 2983 89 2994 -
173 2929 392 3006 idololatria
424 2931 589 3025 latitudo.
660 2931 842 3032 Quoniam
865 2927 1093 3004 multifariam
1117 2929 1249 3006 servos

176 3025 250 3106 Dei
275 3051 345 3104 nec
362 3045 501 3104 tantum
518 3031 712 3128 ignorate,
743 3027 803 3104 sed
825 3031 933 3104 etiam
951 3025 1154 3104 diffimulata
1169 3026 1250 3104 snb·

176 3129 302 3206 vertit.
359 3129 523 3222 Plerique
547 3131 788 3206 idololatriam
811 3129 1014 3224 simpliciter
1045 3129 1252 3207 existimant

176 3227 233 3306 his
250 3225 334 3304 solis
348 3229 464 3304 modis
479 3229 794 3324 interpretandam.
845 3229 881 3307 sa·
899 3231 978 3323 quis
991 3227 1250 3328 autincendat,

176 3342 240 3404 aut
261 3329 447 3421 immolet,
476 3343 536 3402 aut
555 3332 766 3424 polluceat,
793 3344 855 3403 aut
868 3326 972 3404 sacris
991 3329 1164 3421 aliquibus
1183 3340 1251 3406 atu

175 3425 384 3506 sacerdotiis
410 3419 611 3524 obligetur:
650 3429 948 3525 quemadmodum
973 3427 999 3505 ll
1025 3431 1102 3522 quis
1130 3423 1278 3505 existi-³

52 3527 55 3538 '
174 3541 252 3603 met
277 3529 490 3604 adulterium
514 3531 556 3602 in
578 3526 728 3623 osculis,
754 3527 790 3602 &
813 3530 850 3604 in
876 3529 1118 3624 amplexibus,
1145 3529 1181 3603 dt
1207 3531 1251 3608 in

172 3623 247 3722 ipsa
263 3629 379 3701 carnis
394 3627 642 3726 congrelbone
665 3623 901 3704 censendum:
928 3643 989 3702 aut
1013 3629 1253 3710 homicidium

172 3723 305 3800 insola
326 3723 503 3822 sanguinis
525 3727 759 3822 prolusione,
793 3727 828 3801 bt
850 3729 888 3802 in
914 3729 1037 3804 animae
1054 3730 1253 3824 ereptione·

24 3917 26 3920 v
128 3911 137 3922 ⁸
172 3827 427 3921 deputandum.
473 3830 527 3901 Ar
543 3825 838 3924 enim'Dorninur
861 3845 966 3922 quam
990 3829 1255 3911 extendusiffl

896 3913 1198 4028 ..espa
