<?xml version="1.0" encoding="UTF-8"?>
<!DOCTYPE html PUBLIC "-//W3C//DTD XHTML 1.0 Transitional//EN"
    "http://www.w3.org/TR/xhtml1/DTD/xhtml1-transitional.dtd">
<html xmlns="http://www.w3.org/1999/xhtml" xml:lang="en" lang="en">
 <head>
  <title>
</title>
<meta http-equiv="Content-Type" content="text/html;charset=utf-8" />
  <meta name='ocr-system' content='tesseract 3.04.00' />
  <meta name='ocr-capabilities' content='ocr_page ocr_carea ocr_par ocr_line ocrx_word'/>
</head>
<body>
  <div class='ocr_page' id='page_1' title='image "./operaomnia01tertgoog/operaomnia01tertgoog_0380.png"; bbox 0 0 2582 4322; ppageno 0'>
   <div class='ocr_carea' id='block_1_1' title="bbox 161 95 1070 262">
    <p class='ocr_par' dir='ltr' id='par_1_1' title="bbox 161 95 1070 262">
     <span class='ocr_line' id='line_1_1' title="bbox 161 95 1070 262; baseline -0.013 -23"><span class='ocrx_word' id='word_1_1' title='bbox 161 183 233 258; x_wconf 75' lang='lat'>344</span> <span class='ocrx_word' id='word_1_2' title='bbox 306 137 354 262; x_wconf 95' lang='lat' dir='ltr'>Q</span> <span class='ocrx_word' id='word_1_3' title='bbox 379 95 680 232; x_wconf 66' lang='lat' dir='ltr'>Sarritor.</span> <span class='ocrx_word' id='word_1_4' title='bbox 711 152 1070 230; x_wconf 72' lang='lat' dir='ltr'>Trea-armam</span> 
     </span>
    </p>
   </div>
   <div class='ocr_carea' id='block_1_2' title="bbox 57 313 1247 2298">
    <p class='ocr_par' dir='ltr' id='par_1_2' title="bbox 57 313 1247 2298">
     <span class='ocr_line' id='line_1_2' title="bbox 158 313 1247 406; baseline -0.007 -6"><span class='ocrx_word' id='word_1_5' title='bbox 158 322 295 400; x_wconf 76' lang='lat' dir='ltr'>autoris</span> <span class='ocrx_word' id='word_1_6' title='bbox 315 317 511 392; x_wconf 82' lang='lat' dir='ltr'>examinata</span> <span class='ocrx_word' id='word_1_7' title='bbox 533 315 576 390; x_wconf 84' lang='lat' dir='ltr'>srt</span> <span class='ocrx_word' id='word_1_8' title='bbox 594 318 699 389; x_wconf 88' lang='lat' dir='ltr'>ratio.</span> <span class='ocrx_word' id='word_1_9' title='bbox 748 313 914 406; x_wconf 86' lang='lat' dir='ltr'>Denique</span> <span class='ocrx_word' id='word_1_10' title='bbox 938 313 1130 390; x_wconf 82' lang='lat' dir='ltr'>&amp;bonitas</span> <span class='ocrx_word' id='word_1_11' title='bbox 1155 315 1247 392; x_wconf 89' lang='lat' dir='ltr'>Dei</span> 
     </span>
     <span class='ocr_line' id='line_1_3' title="bbox 157 411 1245 610; baseline -0.006 -14"><span class='ocrx_word' id='word_1_12' title='bbox 157 411 797 610; x_wconf 59' lang='lat' dir='ltr'>tt¹tss2⁰rtt⁶spttss¹sss</span> <span class='ocrx_word' id='word_1_13' title='bbox 818 411 1245 589; x_wconf 46' lang='lat' dir='ltr'>rustitius&amp;</span> 
     </span>
     <span class='ocr_line' id='line_1_4' title="bbox 160 610 1238 720; baseline -0.005 -26"><span class='ocrx_word' id='word_1_14' title='bbox 160 620 317 720; x_wconf 83' lang='lat' dir='ltr'>cogitata</span> <span class='ocrx_word' id='word_1_15' title='bbox 331 613 366 688; x_wconf 91' lang='lat' dir='ltr'>se</span> <span class='ocrx_word' id='word_1_16' title='bbox 381 613 503 707; x_wconf 87' lang='lat' dir='ltr'>&#39;potius</span> <span class='ocrx_word' id='word_1_17' title='bbox 520 631 615 685; x_wconf 89' lang='lat' dir='ltr'>ream</span> <span class='ocrx_word' id='word_1_18' title='bbox 632 611 806 704; x_wconf 79' lang='lat' dir='ltr'>ostendit,</span> <span class='ocrx_word' id='word_1_19' title='bbox 832 613 928 706; x_wconf 84' lang='lat' dir='ltr'>quod</span> <span class='ocrx_word' id='word_1_20' title='bbox 944 610 1016 708; x_wconf 89' lang='lat' dir='ltr'>ipsa</span> <span class='ocrx_word' id='word_1_21' title='bbox 1034 615 1238 689; x_wconf 83' lang='lat' dir='ltr'>commisit.</span> 
     </span>
     <span class='ocr_line' id='line_1_5' title="bbox 220 705 1238 810; baseline -0.004 -19"><span class='ocrx_word' id='word_1_22' title='bbox 220 740 268 810; x_wconf 60' lang='lat'>¹7.</span> <span class='ocrx_word' id='word_1_23' title='bbox 293 713 373 790; x_wconf 90' lang='lat' dir='ltr'>Hac</span> <span class='ocrx_word' id='word_1_24' title='bbox 390 709 597 790; x_wconf 84' lang='lat' dir='ltr'>definitione</span> <span class='ocrx_word' id='word_1_25' title='bbox 619 705 737 786; x_wconf 84' lang='lat' dir='ltr'>ommia</span> <span class='ocrx_word' id='word_1_26' title='bbox 758 711 843 794; x_wconf 87' lang='lat' dir='ltr'>Deo</span> <span class='ocrx_word' id='word_1_27' title='bbox 863 711 957 784; x_wconf 90' lang='lat' dir='ltr'>salva</span> <span class='ocrx_word' id='word_1_28' title='bbox 973 709 1074 803; x_wconf 89' lang='lat' dir='ltr'>sunt,</span> <span class='ocrx_word' id='word_1_29' title='bbox 1103 713 1138 786; x_wconf 84' lang='lat' dir='ltr'>dt</span> <span class='ocrx_word' id='word_1_30' title='bbox 1165 735 1238 788; x_wconf 88' lang='lat' dir='ltr'>na-</span> 
     </span>
     <span class='ocr_line' id='line_1_6' title="bbox 158 808 1238 906; baseline -0.004 -16"><span class='ocrx_word' id='word_1_31' title='bbox 158 829 241 890; x_wconf 88' lang='lat' dir='ltr'>tura</span> <span class='ocrx_word' id='word_1_32' title='bbox 258 815 451 906; x_wconf 82' lang='lat' dir='ltr'>bonitatis,</span> <span class='ocrx_word' id='word_1_33' title='bbox 485 810 632 886; x_wconf 82' lang='lat' dir='ltr'>&amp;ratio</span> <span class='ocrx_word' id='word_1_34' title='bbox 657 808 912 904; x_wconf 75' lang='lat' dir='ltr'>dispostionis,</span> <span class='ocrx_word' id='word_1_35' title='bbox 940 809 1238 905; x_wconf 70' lang='lat' dir='ltr'>&amp;prescientia</span> 
     </span>
     <span class='ocr_line' id='line_1_7' title="bbox 156 909 1238 1012; baseline -0.004 -22"><span class='ocrx_word' id='word_1_36' title='bbox 156 915 194 990; x_wconf 81' lang='lat' dir='ltr'>dr</span> <span class='ocrx_word' id='word_1_37' title='bbox 217 913 390 1012; x_wconf 76' lang='lat' dir='ltr'>potentia</span> <span class='ocrx_word' id='word_1_38' title='bbox 413 911 528 1004; x_wconf 87' lang='lat' dir='ltr'>copia.</span> <span class='ocrx_word' id='word_1_39' title='bbox 590 909 743 1004; x_wconf 78' lang='lat' dir='ltr'><strong>Exigere</strong></span> <span class='ocrx_word' id='word_1_40' title='bbox 768 925 885 986; x_wconf 81' lang='lat' dir='ltr'>tarnem</span> <span class='ocrx_word' id='word_1_41' title='bbox 910 910 1029 984; x_wconf 88' lang='lat' dir='ltr'>aDeo</span> <span class='ocrx_word' id='word_1_42' title='bbox 1051 911 1164 985; x_wconf 84' lang='lat' dir='ltr'>debes</span> <span class='ocrx_word' id='word_1_43' title='bbox 1193 912 1238 986; x_wconf 75' lang='lat' dir='ltr'>tr</span> 
     </span>
     <span class='ocr_line' id='line_1_8' title="bbox 182 1005 1235 1104; baseline 0 -18"><span class='ocrx_word' id='word_1_44' title='bbox 182 1013 371 1086; x_wconf 70' lang='lat' dir='ltr'>raritatem</span> <span class='ocrx_word' id='word_1_45' title='bbox 390 1009 576 1102; x_wconf 89' lang='lat' dir='ltr'>summam,</span> <span class='ocrx_word' id='word_1_46' title='bbox 602 1005 758 1084; x_wconf 85' lang='lat' dir='ltr'>&amp;fidem</span> <span class='ocrx_word' id='word_1_47' title='bbox 773 1009 981 1104; x_wconf 81' lang='lat' dir='ltr'>praecipuam</span> <span class='ocrx_word' id='word_1_48' title='bbox 998 1010 1035 1082; x_wconf 88' lang='lat' dir='ltr'>in</span> <span class='ocrx_word' id='word_1_49' title='bbox 1050 1011 1151 1084; x_wconf 86' lang='lat' dir='ltr'>omni</span> <span class='ocrx_word' id='word_1_50' title='bbox 1171 1011 1235 1086; x_wconf 83' lang='lat' dir='ltr'>in·</span> 
     </span>
     <span class='ocr_line' id='line_1_9' title="bbox 154 1031 1234 1204; baseline 0.002 -20"><span class='ocrx_word' id='word_1_51' title='bbox 154 1031 342 1192; x_wconf 45' lang='lat' dir='ltr'>§titutione</span> <span class='ocrx_word' id='word_1_52' title='bbox 358 1111 456 1204; x_wconf 80' lang='lat' dir='ltr'>ejus,</span> <span class='ocrx_word' id='word_1_53' title='bbox 481 1123 523 1182; x_wconf 91' lang='lat' dir='ltr'>ut</span> <span class='ocrx_word' id='word_1_54' title='bbox 543 1107 672 1183; x_wconf 84' lang='lat' dir='ltr'>desinas</span> <span class='ocrx_word' id='word_1_55' title='bbox 695 1127 869 1202; x_wconf 71' lang='lat' dir='ltr'>quaerere,</span> <span class='ocrx_word' id='word_1_56' title='bbox 904 1107 1045 1182; x_wconf 84' lang='lat' dir='ltr'>an&#39;Deo</span> <span class='ocrx_word' id='word_1_57' title='bbox 1067 1111 1234 1186; x_wconf 88' lang='lat' dir='ltr'>nolente</span> 
     </span>
     <span class='ocr_line' id='line_1_10' title="bbox 152 1198 1233 1310; baseline -0.001 -24"><span class='ocrx_word' id='word_1_58' title='bbox 152 1212 319 1310; x_wconf 84' lang='lat' dir='ltr'>potuerit</span> <span class='ocrx_word' id='word_1_59' title='bbox 345 1209 428 1301; x_wconf 88' lang='lat' dir='ltr'>quid</span> <span class='ocrx_word' id='word_1_60' title='bbox 450 1207 605 1282; x_wconf 84' lang='lat' dir='ltr'>evenire.</span> <span class='ocrx_word' id='word_1_61' title='bbox 665 1198 810 1282; x_wconf 84' lang='lat' dir='ltr'>Tenens</span> <span class='ocrx_word' id='word_1_62' title='bbox 837 1210 927 1280; x_wconf 87' lang='lat' dir='ltr'>enim</span> <span class='ocrx_word' id='word_1_63' title='bbox 950 1207 1166 1302; x_wconf 84' lang='lat' dir='ltr'>gravitatem</span> <span class='ocrx_word' id='word_1_64' title='bbox 1189 1211 1233 1284; x_wconf 80' lang='lat' dir='ltr'>dt</span> 
     </span>
     <span class='ocr_line' id='line_1_11' title="bbox 156 1303 1230 1398; baseline 0.002 -16"><span class='ocrx_word' id='word_1_65' title='bbox 156 1307 265 1388; x_wconf 83' lang='lat' dir='ltr'>fidem</span> <span class='ocrx_word' id='word_1_66' title='bbox 298 1308 370 1388; x_wconf 82' lang='lat' dir='ltr'>Dei</span> <span class='ocrx_word' id='word_1_67' title='bbox 386 1362 388 1366; x_wconf 82' lang='lat'><em>-</em></span> <span class='ocrx_word' id='word_1_68' title='bbox 403 1306 509 1398; x_wconf 87' lang='lat' dir='ltr'>boni,</span> <span class='ocrx_word' id='word_1_69' title='bbox 545 1303 603 1378; x_wconf 86' lang='lat' dir='ltr'>sed</span> <span class='ocrx_word' id='word_1_70' title='bbox 637 1305 904 1382; x_wconf 84' lang='lat' dir='ltr'>rationabilibus</span> <span class='ocrx_word' id='word_1_71' title='bbox 937 1305 1230 1384; x_wconf 76' lang='lat' dir='ltr'>instimuonibus</span> 
     </span>
     <span class='ocr_line' id='line_1_12' title="bbox 156 1405 1230 1502; baseline 0 -20"><span class='ocrx_word' id='word_1_72' title='bbox 156 1409 234 1502; x_wconf 71' lang='lat' dir='ltr'>esua</span> <span class='ocrx_word' id='word_1_73' title='bbox 269 1405 521 1500; x_wconf 85' lang='lat' dir='ltr'>vindicandas,</span> <span class='ocrx_word' id='word_1_74' title='bbox 554 1425 622 1482; x_wconf 88' lang='lat' dir='ltr'>uec</span> <span class='ocrx_word' id='word_1_75' title='bbox 645 1405 733 1478; x_wconf 87' lang='lat' dir='ltr'>iliud</span> <span class='ocrx_word' id='word_1_76' title='bbox 756 1405 963 1498; x_wconf 84' lang='lat' dir='ltr'>miraberis,</span> <span class='ocrx_word' id='word_1_77' title='bbox 989 1405 1088 1497; x_wconf 90' lang='lat' dir='ltr'>quod</span> <span class='ocrx_word' id='word_1_78' title='bbox 1114 1407 1230 1482; x_wconf 81' lang='lat' dir='ltr'>Deus</span> 
     </span>
     <span class='ocr_line' id='line_1_13' title="bbox 155 1501 1229 1601; baseline -0.007 -13"><span class='ocrx_word' id='word_1_79' title='bbox 155 1527 235 1588; x_wconf 81' lang='lat' dir='ltr'>non</span> <span class='ocrx_word' id='word_1_80' title='bbox 256 1501 487 1582; x_wconf 85' lang='lat' dir='ltr'>intercesserit</span> <span class='ocrx_word' id='word_1_81' title='bbox 509 1503 674 1580; x_wconf 88' lang='lat' dir='ltr'>adversus</span> <span class='ocrx_word' id='word_1_82' title='bbox 699 1525 767 1598; x_wconf 87' lang='lat' dir='ltr'>ea,</span> <span class='ocrx_word' id='word_1_83' title='bbox 800 1523 876 1597; x_wconf 82' lang='lat' dir='ltr'>quae</span> <span class='ocrx_word' id='word_1_84' title='bbox 902 1503 1021 1576; x_wconf 89' lang='lat' dir='ltr'>noluit</span> <span class='ocrx_word' id='word_1_85' title='bbox 1042 1507 1198 1580; x_wconf 83' lang='lat' dir='ltr'>evenire</span> <span class='ocrx_word' id='word_1_86' title='bbox 1209 1561 1229 1601; x_wconf 89' lang='lat'>,</span> 
     </span>
     <span class='ocr_line' id='line_1_14' title="bbox 156 1599 1230 1696; baseline -0.003 -15"><span class='ocrx_word' id='word_1_87' title='bbox 156 1622 201 1682; x_wconf 87' lang='lat' dir='ltr'>ut</span> <span class='ocrx_word' id='word_1_88' title='bbox 220 1605 451 1680; x_wconf 81' lang='lat' dir='ltr'>conservaret</span> <span class='ocrx_word' id='word_1_89' title='bbox 466 1617 539 1696; x_wconf 86' lang='lat' dir='ltr'>ea,</span> <span class='ocrx_word' id='word_1_90' title='bbox 577 1625 652 1695; x_wconf 84' lang='lat' dir='ltr'>quae</span> <span class='ocrx_word' id='word_1_91' title='bbox 669 1603 799 1678; x_wconf 87' lang='lat' dir='ltr'>voluit</span> <span class='ocrx_word' id='word_1_92' title='bbox 850 1601 885 1675; x_wconf 93' lang='lat' dir='ltr'>Si</span> <span class='ocrx_word' id='word_1_93' title='bbox 912 1603 1005 1678; x_wconf 84' lang='lat' dir='ltr'>enim</span> <span class='ocrx_word' id='word_1_94' title='bbox 1023 1599 1127 1678; x_wconf 89' lang='lat' dir='ltr'>semel</span> <span class='ocrx_word' id='word_1_95' title='bbox 1151 1605 1230 1680; x_wconf 84' lang='lat' dir='ltr'>ho-</span> 
     </span>
     <span class='ocr_line' id='line_1_15' title="bbox 155 1701 1230 1800; baseline -0.006 -16"><span class='ocrx_word' id='word_1_96' title='bbox 155 1705 244 1784; x_wconf 87' lang='lat' dir='ltr'>mini</span> <span class='ocrx_word' id='word_1_97' title='bbox 264 1701 469 1800; x_wconf 85' lang='lat' dir='ltr'>permiserat</span> <span class='ocrx_word' id='word_1_98' title='bbox 489 1701 622 1780; x_wconf 87' lang='lat' dir='ltr'>arbitrii</span> <span class='ocrx_word' id='word_1_99' title='bbox 645 1704 845 1777; x_wconf 84' lang='lat' dir='ltr'>libertatem</span> <span class='ocrx_word' id='word_1_100' title='bbox 871 1702 1155 1796; x_wconf 66' lang='lat' dir='ltr'>&amp;patestatem</span> <span class='ocrx_word' id='word_1_101' title='bbox 1185 1705 1230 1778; x_wconf 77' lang='lat' dir='ltr'>nt</span> 
     </span>
     <span class='ocr_line' id='line_1_16' title="bbox 57 1801 1228 1903; baseline 0 -23"><span class='ocrx_word' id='word_1_102' title='bbox 57 1815 64 1841; x_wconf 71' lang='lat'>⁸</span> <span class='ocrx_word' id='word_1_103' title='bbox 156 1805 262 1903; x_wconf 84' lang='lat' dir='ltr'>digne</span> <span class='ocrx_word' id='word_1_104' title='bbox 281 1801 510 1902; x_wconf 82' lang='lat' dir='ltr'>permiserat,</span> <span class='ocrx_word' id='word_1_105' title='bbox 549 1803 637 1876; x_wconf 83' lang='lat' dir='ltr'>srcut</span> <span class='ocrx_word' id='word_1_106' title='bbox 657 1801 902 1895; x_wconf 83' lang='lat' dir='ltr'>pstendimus,</span> <span class='ocrx_word' id='word_1_107' title='bbox 945 1804 1069 1896; x_wconf 89' lang='lat' dir='ltr'>utique</span> <span class='ocrx_word' id='word_1_108' title='bbox 1097 1803 1228 1880; x_wconf 76' lang='lat' dir='ltr'>fruen-</span> 
     </span>
     <span class='ocr_line' id='line_1_17' title="bbox 155 1897 1224 2000; baseline 0.002 -24"><span class='ocrx_word' id='word_1_109' title='bbox 155 1905 219 1976; x_wconf 86' lang='lat' dir='ltr'>das</span> <span class='ocrx_word' id='word_1_110' title='bbox 248 1925 305 1976; x_wconf 86' lang='lat' dir='ltr'>eas</span> <span class='ocrx_word' id='word_1_111' title='bbox 335 1925 381 1976; x_wconf 85' lang='lat' dir='ltr'>ex</span> <span class='ocrx_word' id='word_1_112' title='bbox 409 1900 481 1994; x_wconf 85' lang='lat' dir='ltr'>ipsa</span> <span class='ocrx_word' id='word_1_113' title='bbox 508 1897 737 1976; x_wconf 78' lang='lat' dir='ltr'>nastitutionie</span> <span class='ocrx_word' id='word_1_114' title='bbox 767 1901 958 1976; x_wconf 82' lang='lat' dir='ltr'>autoritate</span> <span class='ocrx_word' id='word_1_115' title='bbox 986 1903 1224 2000; x_wconf 83' lang='lat' dir='ltr'>permiserat,</span> 
     </span>
     <span class='ocr_line' id='line_1_18' title="bbox 153 1997 1222 2100; baseline 0 -22"><span class='ocrx_word' id='word_1_116' title='bbox 153 2001 324 2078; x_wconf 82' lang='lat' dir='ltr'>fruendas</span> <span class='ocrx_word' id='word_1_117' title='bbox 349 2011 466 2076; x_wconf 83' lang='lat' dir='ltr'>eutem</span> <span class='ocrx_word' id='word_1_118' title='bbox 486 2012 655 2093; x_wconf 83' lang='lat' dir='ltr'>quantum</span> <span class='ocrx_word' id='word_1_119' title='bbox 676 2002 713 2077; x_wconf 84' lang='lat' dir='ltr'>in</span> <span class='ocrx_word' id='word_1_120' title='bbox 735 1997 838 2092; x_wconf 88' lang='lat' dir='ltr'>ipso,</span> <span class='ocrx_word' id='word_1_121' title='bbox 867 1997 1058 2076; x_wconf 88' lang='lat' dir='ltr'>secundum</span> <span class='ocrx_word' id='word_1_122' title='bbox 1074 2001 1222 2100; x_wconf 68' lang='lat' dir='ltr'>ipsium,</span> 
     </span>
     <span class='ocr_line' id='line_1_19' title="bbox 129 2097 1227 2198; baseline -0.001 -22"><span class='ocrx_word' id='word_1_123' title='bbox 129 2185 131 2190; x_wconf 53' lang='grc'>,</span> <span class='ocrx_word' id='word_1_124' title='bbox 154 2099 194 2176; x_wconf 84' lang='lat' dir='ltr'>id</span> <span class='ocrx_word' id='word_1_125' title='bbox 212 2097 263 2172; x_wconf 89' lang='lat' dir='ltr'>est</span> <span class='ocrx_word' id='word_1_126' title='bbox 277 2098 465 2174; x_wconf 68' lang='lat' dir='ltr'>acardum</span> <span class='ocrx_word' id='word_1_127' title='bbox 484 2099 622 2192; x_wconf 85' lang='lat' dir='ltr'>Deum,</span> <span class='ocrx_word' id='word_1_128' title='bbox 644 2097 748 2172; x_wconf 86' lang='lat' dir='ltr'>idest</span> <span class='ocrx_word' id='word_1_129' title='bbox 766 2099 962 2176; x_wconf 86' lang='lat' dir='ltr'>inbonum.</span> <span class='ocrx_word' id='word_1_130' title='bbox 1013 2102 1104 2198; x_wconf 86' lang='lat' dir='ltr'>Quis</span> <span class='ocrx_word' id='word_1_131' title='bbox 1123 2103 1227 2182; x_wconf 82' lang='lat' dir='ltr'>enim</span> 
     </span>
     <span class='ocr_line' id='line_1_20' title="bbox 156 2195 1222 2298; baseline 0.004 -25"><span class='ocrx_word' id='word_1_132' title='bbox 156 2195 324 2273; x_wconf 79' lang='lat' dir='ltr'>adversus</span> <span class='ocrx_word' id='word_1_133' title='bbox 342 2197 377 2272; x_wconf 90' lang='lat' dir='ltr'>se</span> <span class='ocrx_word' id='word_1_134' title='bbox 396 2199 579 2294; x_wconf 74' lang='lat' dir='ltr'>permittet</span> <span class='ocrx_word' id='word_1_135' title='bbox 596 2195 755 2291; x_wconf 75' lang='lat' dir='ltr'>aisquidi</span> <span class='ocrx_word' id='word_1_136' title='bbox 783 2199 968 2298; x_wconf 86' lang='lat' dir='ltr'>Quantum</span> <span class='ocrx_word' id='word_1_137' title='bbox 984 2209 1075 2274; x_wconf 85' lang='lat' dir='ltr'>vero</span> <span class='ocrx_word' id='word_1_138' title='bbox 1094 2199 1133 2276; x_wconf 88' lang='lat' dir='ltr'>in</span> <span class='ocrx_word' id='word_1_139' title='bbox 1149 2201 1222 2276; x_wconf 92' lang='lat' dir='ltr'>ho-</span> 
     </span>
    </p>
   </div>
   <div class='ocr_carea' id='block_1_3' title="bbox 46 2296 1219 2394">
    <p class='ocr_par' dir='ltr' id='par_1_3' title="bbox 46 2296 1219 2394">
     <span class='ocr_line' id='line_1_21' title="bbox 46 2296 1219 2394; baseline 0.002 -22"><span class='ocrx_word' id='word_1_140' title='bbox 46 2365 50 2378; x_wconf 87' lang='grc'><em>,</em></span> <span class='ocrx_word' id='word_1_141' title='bbox 155 2299 275 2391; x_wconf 85' lang='lat' dir='ltr'>mine,</span> <span class='ocrx_word' id='word_1_142' title='bbox 302 2296 491 2372; x_wconf 82' lang='lat' dir='ltr'>secundtum</span> <span class='ocrx_word' id='word_1_143' title='bbox 507 2311 627 2372; x_wconf 81' lang='lat' dir='ltr'>mortu</span> <span class='ocrx_word' id='word_1_144' title='bbox 649 2297 821 2372; x_wconf 85' lang='lat' dir='ltr'>libertatis</span> <span class='ocrx_word' id='word_1_145' title='bbox 841 2299 955 2390; x_wconf 73' lang='lat' dir='ltr'>ipsius.</span> <span class='ocrx_word' id='word_1_146' title='bbox 1006 2299 1097 2394; x_wconf 79' lang='lat' dir='ltr'>Quis</span> <span class='ocrx_word' id='word_1_147' title='bbox 1119 2301 1219 2381; x_wconf 84' lang='lat' dir='ltr'>enim</span> 
     </span>
    </p>
   </div>
   <div class='ocr_carea' id='block_1_4' title="bbox 153 2395 1221 2894">
    <p class='ocr_par' dir='ltr' id='par_1_4' title="bbox 153 2395 1221 2894">
     <span class='ocr_line' id='line_1_22' title="bbox 156 2395 1221 2493; baseline 0.003 -22"><span class='ocrx_word' id='word_1_148' title='bbox 156 2419 235 2472; x_wconf 88' lang='lat' dir='ltr'>non</span> <span class='ocrx_word' id='word_1_149' title='bbox 252 2399 325 2470; x_wconf 89' lang='lat' dir='ltr'>hoc</span> <span class='ocrx_word' id='word_1_150' title='bbox 339 2395 479 2492; x_wconf 80' lang='lat' dir='ltr'>prestat</span> <span class='ocrx_word' id='word_1_151' title='bbox 500 2395 557 2488; x_wconf 91' lang='lat' dir='ltr'>ei,</span> <span class='ocrx_word' id='word_1_152' title='bbox 586 2398 641 2467; x_wconf 81' lang='lat' dir='ltr'>cus</span> <span class='ocrx_word' id='word_1_153' title='bbox 664 2395 747 2490; x_wconf 87' lang='lat' dir='ltr'>quid</span> <span class='ocrx_word' id='word_1_154' title='bbox 773 2395 877 2473; x_wconf 87' lang='lat' dir='ltr'>semel</span> <span class='ocrx_word' id='word_1_155' title='bbox 898 2397 969 2470; x_wconf 88' lang='lat' dir='ltr'>frui</span> <span class='ocrx_word' id='word_1_156' title='bbox 989 2397 1145 2493; x_wconf 76' lang='lat' dir='ltr'>prestat,</span> <span class='ocrx_word' id='word_1_157' title='bbox 1173 2415 1221 2474; x_wconf 83' lang='lat' dir='ltr'>ut</span> 
     </span>
     <span class='ocr_line' id='line_1_23' title="bbox 156 2493 1218 2592; baseline 0.005 -24"><span class='ocrx_word' id='word_1_158' title='bbox 156 2516 226 2592; x_wconf 87' lang='lat' dir='ltr'>pro</span> <span class='ocrx_word' id='word_1_159' title='bbox 243 2497 360 2572; x_wconf 78' lang='lat' dir='ltr'>admo</span> <span class='ocrx_word' id='word_1_160' title='bbox 377 2495 411 2570; x_wconf 82' lang='lat' dir='ltr'>dt</span> <span class='ocrx_word' id='word_1_161' title='bbox 429 2496 576 2570; x_wconf 86' lang='lat' dir='ltr'>arbitrio</span> <span class='ocrx_word' id='word_1_162' title='bbox 594 2495 658 2570; x_wconf 86' lang='lat' dir='ltr'>suo</span> <span class='ocrx_word' id='word_1_163' title='bbox 676 2493 839 2568; x_wconf 74' lang='lat' dir='ltr'>fruatur?</span> <span class='ocrx_word' id='word_1_164' title='bbox 863 2495 975 2592; x_wconf 85' lang='lat' dir='ltr'>igitur</span> <span class='ocrx_word' id='word_1_165' title='bbox 994 2493 1218 2590; x_wconf 77' lang='lat' dir='ltr'>mnsequens</span> 
     </span>
     <span class='ocr_line' id='line_1_24' title="bbox 153 2593 1219 2686; baseline 0.007 -18"><span class='ocrx_word' id='word_1_166' title='bbox 153 2611 259 2686; x_wconf 88' lang='lat' dir='ltr'>erat,</span> <span class='ocrx_word' id='word_1_167' title='bbox 285 2598 338 2669; x_wconf 89' lang='lat' dir='ltr'>uti</span> <span class='ocrx_word' id='word_1_168' title='bbox 366 2595 466 2670; x_wconf 85' lang='lat' dir='ltr'>Deus</span> <span class='ocrx_word' id='word_1_169' title='bbox 486 2593 667 2670; x_wconf 88' lang='lat' dir='ltr'>secederet</span> <span class='ocrx_word' id='word_1_170' title='bbox 686 2615 707 2666; x_wconf 87' lang='lat' dir='ltr'>a</span> <span class='ocrx_word' id='word_1_171' title='bbox 724 2593 891 2670; x_wconf 83' lang='lat' dir='ltr'>libertate</span> <span class='ocrx_word' id='word_1_172' title='bbox 915 2593 1020 2669; x_wconf 87' lang='lat' dir='ltr'>semel</span> <span class='ocrx_word' id='word_1_173' title='bbox 1050 2597 1219 2678; x_wconf 84' lang='lat' dir='ltr'>concessa</span> 
     </span>
     <span class='ocr_line' id='line_1_25' title="bbox 155 2689 1217 2790; baseline 0.006 -22"><span class='ocrx_word' id='word_1_174' title='bbox 155 2693 310 2782; x_wconf 83' lang='lat' dir='ltr'>homini,</span> <span class='ocrx_word' id='word_1_175' title='bbox 344 2695 379 2767; x_wconf 93' lang='lat' dir='ltr'>id</span> <span class='ocrx_word' id='word_1_176' title='bbox 403 2694 453 2767; x_wconf 86' lang='lat' dir='ltr'>est</span> <span class='ocrx_word' id='word_1_177' title='bbox 474 2695 676 2768; x_wconf 75' lang='lat' dir='ltr'>remuneret</span> <span class='ocrx_word' id='word_1_178' title='bbox 694 2689 824 2785; x_wconf 87' lang='lat' dir='ltr'>inipso</span> <span class='ocrx_word' id='word_1_179' title='bbox 847 2691 881 2766; x_wconf 79' lang='lat' dir='ltr'>dr</span> <span class='ocrx_word' id='word_1_180' title='bbox 905 2693 1154 2790; x_wconf 77' lang='lat' dir='ltr'>praescientiam</span> <span class='ocrx_word' id='word_1_181' title='bbox 1175 2699 1217 2774; x_wconf 82' lang='lat' dir='ltr'>dt</span> 
     </span>
     <span class='ocr_line' id='line_1_26' title="bbox 156 2792 1215 2894; baseline 0.007 -31"><span class='ocrx_word' id='word_1_182' title='bbox 156 2794 427 2890; x_wconf 80' lang='lat' dir='ltr'>praepotentiam</span> <span class='ocrx_word' id='word_1_183' title='bbox 448 2792 566 2884; x_wconf 85' lang='lat' dir='ltr'>suam,</span> <span class='ocrx_word' id='word_1_184' title='bbox 592 2813 657 2885; x_wconf 91' lang='lat' dir='ltr'>per</span> <span class='ocrx_word' id='word_1_185' title='bbox 677 2813 761 2884; x_wconf 82' lang='lat' dir='ltr'>quas</span> <span class='ocrx_word' id='word_1_186' title='bbox 782 2792 1001 2868; x_wconf 71' lang='lat' dir='ltr'>intercessise</span> <span class='ocrx_word' id='word_1_187' title='bbox 1019 2793 1215 2894; x_wconf 76' lang='lat' dir='ltr'>pontisiet,</span> 
     </span>
    </p>
   </div>
   <div class='ocr_carea' id='block_1_5' title="bbox 31 2891 1216 2990">
    <p class='ocr_par' dir='ltr' id='par_1_5' title="bbox 31 2891 1216 2990">
     <span class='ocr_line' id='line_1_27' title="bbox 31 2891 1216 2990; baseline 0.014 -31"><span class='ocrx_word' id='word_1_188' title='bbox 31 2920 39 2938; x_wconf 94' lang='lat'><strong>·</strong></span> <span class='ocrx_word' id='word_1_189' title='bbox 158 2911 232 2986; x_wconf 89' lang='lat' dir='ltr'>quo</span> <span class='ocrx_word' id='word_1_190' title='bbox 254 2893 368 2966; x_wconf 83' lang='lat' dir='ltr'>minus</span> <span class='ocrx_word' id='word_1_191' title='bbox 388 2893 499 2963; x_wconf 88' lang='lat' dir='ltr'>homo</span> <span class='ocrx_word' id='word_1_192' title='bbox 519 2892 610 2964; x_wconf 84' lang='lat' dir='ltr'>maie</span> <span class='ocrx_word' id='word_1_193' title='bbox 625 2891 789 2965; x_wconf 86' lang='lat' dir='ltr'>libertate</span> <span class='ocrx_word' id='word_1_194' title='bbox 804 2891 862 2964; x_wconf 88' lang='lat' dir='ltr'>sua</span> <span class='ocrx_word' id='word_1_195' title='bbox 883 2891 953 2964; x_wconf 88' lang='lat' dir='ltr'>frui</span> <span class='ocrx_word' id='word_1_196' title='bbox 978 2891 1149 2990; x_wconf 80' lang='lat' dir='ltr'>aggressus</span> <span class='ocrx_word' id='word_1_197' title='bbox 1174 2896 1216 2974; x_wconf 83' lang='lat' dir='ltr'>in</span> 
     </span>
    </p>
   </div>
   <div class='ocr_carea' id='block_1_6' title="bbox 74 2987 1224 3990">
    <p class='ocr_par' dir='ltr' id='par_1_6' title="bbox 74 2987 1224 3888">
     <span class='ocr_line' id='line_1_28' title="bbox 155 2987 1214 3086; baseline 0.005 -23"><span class='ocrx_word' id='word_1_198' title='bbox 155 2989 351 3086; x_wconf 83' lang='lat' dir='ltr'>periculum</span> <span class='ocrx_word' id='word_1_199' title='bbox 366 2991 553 3066; x_wconf 81' lang='lat' dir='ltr'>laberetur.</span> <span class='ocrx_word' id='word_1_200' title='bbox 605 2987 640 3062; x_wconf 86' lang='lat' dir='ltr'>Si</span> <span class='ocrx_word' id='word_1_201' title='bbox 661 2991 752 3064; x_wconf 88' lang='lat' dir='ltr'>enirn</span> <span class='ocrx_word' id='word_1_202' title='bbox 772 2989 1037 3082; x_wconf 70' lang='lat' dir='ltr'>intercessisset,</span> <span class='ocrx_word' id='word_1_203' title='bbox 1061 2991 1214 3068; x_wconf 85' lang='lat' dir='ltr'>rescidis-</span> 
     </span>
     <span class='ocr_line' id='line_1_29' title="bbox 74 3087 1214 3186; baseline -0.001 -18"><span class='ocrx_word' id='word_1_204' title='bbox 74 3119 82 3140; x_wconf 55' lang='lat'>*</span> <span class='ocrx_word' id='word_1_205' title='bbox 155 3087 210 3168; x_wconf 86' lang='lat' dir='ltr'>set</span> <span class='ocrx_word' id='word_1_206' title='bbox 228 3091 360 3166; x_wconf 84' lang='lat' dir='ltr'>arbitrii</span> <span class='ocrx_word' id='word_1_207' title='bbox 375 3089 600 3182; x_wconf 84' lang='lat' dir='ltr'>libertatern,</span> <span class='ocrx_word' id='word_1_208' title='bbox 628 3109 731 3181; x_wconf 87' lang='lat' dir='ltr'>quam</span> <span class='ocrx_word' id='word_1_209' title='bbox 743 3090 885 3162; x_wconf 86' lang='lat' dir='ltr'>ratione</span> <span class='ocrx_word' id='word_1_210' title='bbox 901 3089 935 3164; x_wconf 85' lang='lat' dir='ltr'>dt</span> <span class='ocrx_word' id='word_1_211' title='bbox 952 3093 1115 3165; x_wconf 87' lang='lat' dir='ltr'>bonitate</span> <span class='ocrx_word' id='word_1_212' title='bbox 1134 3115 1214 3186; x_wconf 89' lang='lat' dir='ltr'>per-</span> 
     </span>
     <span class='ocr_line' id='line_1_30' title="bbox 155 3185 1212 3284; baseline 0.001 -18"><span class='ocrx_word' id='word_1_213' title='bbox 155 3186 304 3266; x_wconf 83' lang='lat' dir='ltr'>miserat.</span> <span class='ocrx_word' id='word_1_214' title='bbox 361 3187 527 3281; x_wconf 87' lang='lat' dir='ltr'>Denique</span> <span class='ocrx_word' id='word_1_215' title='bbox 550 3201 636 3284; x_wconf 90' lang='lat' dir='ltr'>puta</span> <span class='ocrx_word' id='word_1_216' title='bbox 658 3185 895 3281; x_wconf 83' lang='lat' dir='ltr'>interceffisse,</span> <span class='ocrx_word' id='word_1_217' title='bbox 931 3205 1017 3280; x_wconf 89' lang='lat' dir='ltr'>puta</span> <span class='ocrx_word' id='word_1_218' title='bbox 1041 3189 1212 3269; x_wconf 81' lang='lat' dir='ltr'>rescidisse</span> 
     </span>
     <span class='ocr_line' id='line_1_31' title="bbox 155 3287 1211 3383; baseline 0.007 -21"><span class='ocrx_word' id='word_1_219' title='bbox 155 3288 255 3362; x_wconf 87' lang='lat' dir='ltr'>illum</span> <span class='ocrx_word' id='word_1_220' title='bbox 265 3287 398 3362; x_wconf 84' lang='lat' dir='ltr'>arbitrii</span> <span class='ocrx_word' id='word_1_221' title='bbox 410 3288 632 3376; x_wconf 85' lang='lat' dir='ltr'>libertatem,</span> <span class='ocrx_word' id='word_1_222' title='bbox 650 3287 730 3359; x_wconf 89' lang='lat' dir='ltr'>dum</span> <span class='ocrx_word' id='word_1_223' title='bbox 741 3301 892 3360; x_wconf 84' lang='lat' dir='ltr'>revocat</span> <span class='ocrx_word' id='word_1_224' title='bbox 905 3290 947 3362; x_wconf 89' lang='lat' dir='ltr'>ab</span> <span class='ocrx_word' id='word_1_225' title='bbox 962 3291 1111 3383; x_wconf 84' lang='lat' dir='ltr'>arbore,</span> <span class='ocrx_word' id='word_1_226' title='bbox 1128 3297 1211 3370; x_wconf 88' lang='lat' dir='ltr'>dum</span> 
     </span>
     <span class='ocr_line' id='line_1_32' title="bbox 156 3385 1224 3483; baseline 0 -17"><span class='ocrx_word' id='word_1_227' title='bbox 156 3387 269 3482; x_wconf 86' lang='lat' dir='ltr'>ipsum</span> <span class='ocrx_word' id='word_1_228' title='bbox 282 3385 622 3480; x_wconf 84' lang='lat' dir='ltr'>circumscriptorem</span> <span class='ocrx_word' id='word_1_229' title='bbox 632 3387 820 3459; x_wconf 85' lang='lat' dir='ltr'>colubrum</span> <span class='ocrx_word' id='word_1_230' title='bbox 836 3409 855 3457; x_wconf 84' lang='lat' dir='ltr'>a</span> <span class='ocrx_word' id='word_1_231' title='bbox 869 3387 1224 3483; x_wconf 81' lang='lat' dir='ltr'>congressufoemima·</span> 
     </span>
     <span class='ocr_line' id='line_1_33' title="bbox 157 3481 1208 3586; baseline 0.008 -29"><span class='ocrx_word' id='word_1_232' title='bbox 157 3499 268 3579; x_wconf 86' lang='lat' dir='ltr'>arcet,</span> <span class='ocrx_word' id='word_1_233' title='bbox 279 3507 400 3562; x_wconf 86' lang='lat' dir='ltr'>nonne</span> <span class='ocrx_word' id='word_1_234' title='bbox 412 3481 1048 3576; x_wconf 74' lang='lat' dir='ltr'>exclamaretMarciomodomintm</span> <span class='ocrx_word' id='word_1_235' title='bbox 1057 3487 1208 3586; x_wconf 84' lang='lat' dir='ltr'>futilem,</span> 
     </span>
     <span class='ocr_line' id='line_1_34' title="bbox 156 3579 1210 3676; baseline 0.008 -20.949"><span class='ocrx_word' id='word_1_236' title='bbox 156 3583 370 3676; x_wconf 84' lang='lat' dir='ltr'>instabilem,</span> <span class='ocrx_word' id='word_1_237' title='bbox 384 3579 574 3674; x_wconf 85' lang='lat' dir='ltr'>infidelem,</span> <span class='ocrx_word' id='word_1_238' title='bbox 587 3581 841 3658; x_wconf 80' lang='lat' dir='ltr'>rescindentem</span> <span class='ocrx_word' id='word_1_239' title='bbox 852 3585 1111 3675; x_wconf 81' lang='lat' dir='ltr'>quaeinstitusts</span> <span class='ocrx_word' id='word_1_240' title='bbox 1138 3587 1210 3664; x_wconf 87' lang='lat' dir='ltr'>Cur</span> 
     </span>
     <span class='ocr_line' id='line_1_35' title="bbox 156 3681 1209 3778; baseline 0.007 -25"><span class='ocrx_word' id='word_1_241' title='bbox 156 3681 360 3778; x_wconf 81' lang='lat' dir='ltr'>permiserat</span> <span class='ocrx_word' id='word_1_242' title='bbox 374 3683 521 3758; x_wconf 81' lang='lat' dir='ltr'>liberum</span> <span class='ocrx_word' id='word_1_243' title='bbox 535 3681 735 3774; x_wconf 82' lang='lat' dir='ltr'>arbitrium,</span> <span class='ocrx_word' id='word_1_244' title='bbox 749 3683 775 3758; x_wconf 88' lang='lat' dir='ltr'>si</span> <span class='ocrx_word' id='word_1_245' title='bbox 787 3683 1003 3758; x_wconf 71' lang='lat' dir='ltr'>intercedit?</span> <span class='ocrx_word' id='word_1_246' title='bbox 1024 3705 1088 3760; x_wconf 86' lang='lat' dir='ltr'>cur</span> <span class='ocrx_word' id='word_1_247' title='bbox 1102 3685 1209 3760; x_wconf 86' lang='lat' dir='ltr'>inter-</span> 
     </span>
     <span class='ocr_line' id='line_1_36' title="bbox 158 3777 1207 3888; baseline 0.012 -34"><span class='ocrx_word' id='word_1_248' title='bbox 158 3779 342 3878; x_wconf 55' lang='lat' dir='ltr'>cedrus]</span> <span class='ocrx_word' id='word_1_249' title='bbox 365 3779 553 3882; x_wconf 69' lang='lat' dir='ltr'>permitti</span> <span class='ocrx_word' id='word_1_250' title='bbox 584 3777 704 3888; x_wconf 75' lang='lat' dir='ltr'>Eligat</span> <span class='ocrx_word' id='word_1_251' title='bbox 722 3781 783 3868; x_wconf 77' lang='lat' dir='ltr'>uhi</span> <span class='ocrx_word' id='word_1_252' title='bbox 803 3779 912 3864; x_wconf 81' lang='lat' dir='ltr'>semet</span> <span class='ocrx_word' id='word_1_253' title='bbox 936 3779 1050 3882; x_wconf 74' lang='lat' dir='ltr'>ipsum</span> <span class='ocrx_word' id='word_1_254' title='bbox 1078 3788 1207 3866; x_wconf 84' lang='lat' dir='ltr'>errorir</span> 
     </span>
    </p>

    <p class='ocr_par' dir='ltr' id='par_1_7' title="bbox 382 3895 1162 3990">
     <span class='ocr_line' id='line_1_37' title="bbox 382 3895 1162 3990; baseline -0.001 -27"><span class='ocrx_word' id='word_1_255' title='bbox 382 3985 384 3988; x_wconf 16' lang='grc' dir='ltr'>Ι</span> <span class='ocrx_word' id='word_1_256' title='bbox 537 3971 544 3980; x_wconf 65' lang='grc'>,</span> <span class='ocrx_word' id='word_1_257' title='bbox 1034 3895 1162 3990; x_wconf 84' lang='lat' dir='ltr'>rotet,</span> 
     </span>
    </p>
   </div>
   <div class='ocr_carea' id='block_1_7' title="bbox 0 0 1296 4322">
    <p class='ocr_par' dir='ltr' id='par_1_8' title="bbox 0 0 1296 4322">
     <span class='ocr_line' id='line_1_38' title="bbox 0 0 1296 4322; baseline 0 2"><span class='ocrx_word' id='word_1_258' title='bbox 0 0 1296 4322; x_wconf 95' lang='lat' dir='ltr'> </span> 
     </span>
    </p>
   </div>
  </div>
 </body>
</html>
