2612 4328
383 201 586 285 conara
620 209 927 284 Gnosrrcos.
1106 203 1197 306 '283¹

127 371 210 449 ideo
228 395 310 450 cum
326 371 497 448 informa
514 369 742 448 confessionis
758 371 865 446 etiam
883 371 1087 468 negationis
1108 395 1194 449 con«

129 473 215 548 ditio
232 475 471 570 intelligatur,
498 487 645 569 apparet
656 493 732 545 non
749 473 792 544 ad
812 471 918 545 alium
927 472 1076 546 modurn
1089 495 1195 572 nega·

129 575 236 648 tionis
251 574 459 668 pertinere,
488 574 586 666 quod
604 573 649 646 de
665 585 713 646 'ea
731 569 834 644 aliter
853 569 1017 646 dominus
1034 593 1197 670 pronun-

131 675 257 768 ciavit,
293 697 399 768 quarn
423 673 468 748 de
494 671 714 747 confessione
732 671 909 748 dicendo:
936 673 996 764 qui
1012 697 1070 748 me
1089 697 1200 774 negata

130 775 243 868 verit,
269 795 346 848 non
363 777 423 866 qui
441 775 479 846 in
499 795 568 847 me.
592 769 828 866 Prospexerat
843 767 937 846 enim
954 773 989 844 dt
1011 775 1104 848 hanc
1117 779 1195 852 vim

127 875 333 968 plerumque
360 875 398 946 in
427 867 693 968 expugnatione
725 871 880 943 nominis
909 870 1207 972 subsecuturam,'

128 983 168 1046 ut
189 974 305 1067 quise
330 972 556 1046 christianum
581 969 775 1066 negasset,
791 967 903 1063 ipsum
926 991 1071 1065 quoque
1095 973 1196 1050 Chri·

126 1071 213 1148 stum
230 1074 509 1167 compelleretur
526 1071 797 1168 blasphemando
813 1091 953 1167 negare.
1005 1071 1105 1148 Sicut
1118 1099 1196 1152 non

126 1173 211 1248 olim
237 1195 306 1268 pro
329 1170 467 1266 auspice
490 1193 570 1244 cum
595 1172 631 1244 in
656 1185 738 1243 tota
759 1168 831 1244 fide
856 1172 1082 1263 quorundam
1108 1183 1195 1249 con·

122 1271 315 1364 insenum,
347 1273 420 1347 hoc
434 1271 547 1345 modo
566 1271 779 1345 horruimus.
831 1270 956 1364 ltaque
981 1271 1109 1347 flustra
1127 1277 1210 1349 erit*

123 1371 261 1452 dicere:
290 1371 351 1446 etsr
365 1393 422 1446 me
439 1391 622 1468 negavero
637 1371 884 1466 christianum,
910 1392 988 1446 non
1001 1375 1198 1472 negabora

90 1551 94 1558 ,
123 1469 289 1566 christo,
314 1474 501 1570 nonenim
517 1470 629 1565 ipsum
644 1473 785 1570 negavi.
836 1471 893 1542 Ex
908 1473 968 1545 illa
983 1473 1077 1548 enirn
1091 1495 1196 1573 nega·

121 1575 227 1648 tione
255 1573 474 1645 tantumdem
494 1572 697 1663 tenebitur,
730 1569 856 1663 quase
882 1571 1108 1648 christianum
1134 1597 1196 1651 ne-

122 1673 267 1770 gand0,
296 1671 472 1744 Christum
488 1673 522 1742 in
543 1671 578 1742 se
595 1691 752 1764 negans,
779 1669 885 1742 etiarn
905 1668 1017 1766 ipsum
1034 1678 1193 1770 negavit.

122 1771 207 1846 Plusw
227 1772 289 1846 est·
301 1785 428 1865 autem·
441 1771 540 1862 quod
558 1769 592 1842 ἃ
609 1769 813 1844 confusioni
829 1770 1077 1846 conbtsronem
1097 1795 1195 1850 com·

123 1875 301 1964 minatur,
326 1875 382 1968 qui
400 1897 446 1942 me
466 1872 613 1964 confusus
622 1869 733 1962 fuerit
748 1895 850 1942 coram
869 1873 1067 1959 homiuibus,
1091 1873 1196 1970 &ago

124 1973 379 2068 tmfundureum
388 1995 489 2042 coram
499 1987 660 2066 parremeo
674 1975 731 2066 qui
740 1971 919 2066 inculisefl.
935 1967 1197 2054 'Sciebatenirn

126 2072 372 2146 aeoniusrone
386 2073 448 2146 vel
458 2071 609 2146 maxime
623 2069 771 2144 formari
786 2075 1039 2167 negationem
1062 2077 1194 2149 mentis

123 2171 252 2247 statum
281 2174 317 2244 in
354 2171 478 2244 fronte
512 2171 723 2266 consistere,
755 2173 914 2266 priorem
949 2172 1020 2247 else
1042 2175 1194 2270 pudoris

126 2293 229 2366 quarn
248 2273 413 2366 corporis
428 2271 578 2368 plagam.
1120 2319 1121 2327 κ

202 2397 259 2449 ro.
286 2373 359 2469 Qui
371 2393 465 2446 vero
483 2391 559 2444 non
575 2371 648 2462 hic,
667 2371 702 2443 id
722 2369 794 2464 est,
819 2373 1112 2448 nonintrahunc
1126 2395 1195 2450 nm·

125 2473 239 2548 bitum
263 2487 395 2562 terrae,
431 2493 500 2544 nec
522 2491 587 2565 per
612 2472 707 2543 hunc
730 2485 972 2546 commeatum
993 2476 1100 2568 vitae,
1126 2497 1198 2548 nec

127 2573 218 2668 apud
243 2573 407 2646 homines
428 2573 533 2663 hujus
556 2585 692 2666 nature
714 2573 911 2644 communis
938 2573 1220 2674 confessionem,

125 2683 256 2767 putent
279 2669 532 2761 constitutam,
572 2683 704 2762 quanta
727 2669 928 2763 presumtio
952 2672 1002 2745 est
1028 2673 1199 2748 adversus

127 2792 272 2846 omnem
286 2771 448 2844 ordinem
469 2791 589 2844 rerum
606 2771 644 2844 in
662 2771 766 2843 terris
785 2769 882 2864 istis,
898 2772 944 2849 ,u
960 2773 1000 2848 in
1017 2775 1096 2848 vita
1110 2774 1196 2872 ista,

127 2871 249 2948 &sub
273 2871 433 2946 humanis
460 2869 696 2964 potestatibus
724 2872 1047 2964 experiundarum?
1080 2873 1197 2950 Nimi-

125 2991 205 3046 rum
238 2991 325 3066 cum
348 2971 469 3044 animae
495 2971 539 3044 de
566 2973 780 3068 corporibus
806 2969 1040 3068 excesserint,
1073 2975 1197 3073 &per

126 3069 260 3168 ungula
272 3069 430 3144 tabulata
444 3071 617 3144 coelorum
635 3072 678 3143 de
693 3085 846 3166 recepto
861 3073 981 3165 dispici
995 3075 1196 3170 ceperint,

128 3169 160 3242 st
186 3172 403 3266 interrogari
436 3191 562 3243 arcana
584 3171 645 3244 illa
677 3172 929 3246 haereticorum
954 3171 1195 3268 sacramenta,

129 3281 212 3343 tunc
225 3263 471 3344 confitendum
484 3269 579 3363 apud
590 3291 694 3342 veras
705 3271 1070 3364 potestates&veros
1081 3275 1198 3348 homi·

127 3389 203 3462 nea,
217 3367 373 3442 Teletos
384 3367 455 3444 scil.
470 3369 504 3442 dt
517 3368 753 3460 Abascantos,
766 3371 979 3465 &Aginetos
987 3373 1172 3448 Valentini
1184 3401 1193 3449 :

127 3469 301 3544 nostrates
312 3463 405 3540 eninr
416 3469 594 3561 inquiunt,
609 3473 682 3542 ned
694 3469 756 3562 ipsr
768 3469 891 3544 eadem
896 3471 1020 3568 jurgiis
1034 3472 1197 3547 constan-

129 3577 181 3640 tes
196 3569 358 3642 homines
374 3569 558 3662 probabit,
577 3589 669 3660 quos
679 3571 980 3667 pidicidumssrutae
990 3573 1025 3645 u
1036 3573 1198 3669 pulvereni

128 3691 202 3737 crea
217 3667 253 3740 bt
262 3664 430 3762 sputamen
448 3667 488 3744 (5
504 3669 630 3764 locuflar
648 3669 857 3762 deputavit,
885 3672 992 3746 etiam
1009 3671 1194 3750 irrationa-

128 3765 215 3842 libus
231 3769 403 3861 jumentis
419 3768 636 3860 adequavit,
658 3772 764 3862 plane
777 3769 828 3843 ita
841 3769 1028 3862 scriptum,
1054 3793 1130 3847 non
1144 3789 1199 3851 ta-

128 3885 207 3946 men
224 3867 364 3946 idcirco
386 3867 483 3946 aliud
503 3869 658 3944 nominis
684 3889 795 3968 genus
816 3869 1084 3971 intelligendum
1111 3897 1198 3968 pra.

319 4022 323 4032 ,
1052 4033 1054 4043 .
1093 3989 1150 4047 tel·
