2582 4322
158 181 233 272 934
300 155 349 270 Q.
371 163 510 244 Seri.
534 145 1075 243 neumnensium

155 331 241 410 noe
261 327 502 426 &risppiieia3
529 325 644 420 pnflim
662 325 795 398 volunt
812 345 893 403 eum
919 323 1146 400 conditorem
1169 328 1227 402 ina

159 429 272 528 telligi
287 430 485 520 malorum,
510 441 552 498 ut
564 425 706 500 maiitiae
725 438 830 498 autor
848 425 1086 500 renuncietur.
1136 422 1226 502 Not

158 541 281 606 nutem
299 527 455 602 adhibita
475 523 699 600 uffinuione
718 521 898 616 utriusque
915 523 1061 618 forme,
1086 521 1224 618 separa·

14 705 16 720 ,
158 629 207 704 ers
224 627 338 718 malis,
355 625 509 714 desierim
536 624 704 718 &malis,
718 621 911 718 suppliciis,
926 623 1024 698 mulis
1041 625 1167 718 culpre,
1187 624 1225 698 bs

158 728 410 822 malispoenae,
436 723 532 808 suum
548 725 676 816 cuique
693 723 785 816 parri
803 714 1025 808 defendimus
1043 737 1222 800 autorem.

160 825 345 907 Malorum
360 823 501 918 quidem
515 825 654 922 peccati
671 823 705 896 δι
723 823 859 916 culpae,
886 821 1085 911 diabolum3
1109 825 1224 898 mulo·

79 939 81 945 ’
158 945 239 1000 rum
256 945 349 999 vero
361 923 567 1018 supplicii&
584 943 707 1018 poenae,
729 921 847 995 Deum
863 923 1082 996 creatorem:
1105 935 1148 994 ut
1161 921 1224 995 ills

159 1029 241 1124 pars
262 1024 403 1099 mulitiae
423 1023 634 1117 deputetur,
659 1020 725 1094 istu
743 1019 901 1114 justitie,
921 1022 1011 1096 main
1031 1021 1223 1094 condentis

156 1123 303 1221 judicia,
318 1121 483 1196 adversus
497 1117 723 1196 malsdelibii.
748 1119 807 1194 De
820 1118 873 1194 bis
885 1129 972 1216 ergo
981 1133 1124 1194 crentur
1135 1141 1224 1216 pro.

126 1302 129 1310 ,
160 1221 285 1301 fluetus
297 1221 417 1313 malis,
434 1241 510 1311 quae
522 1231 727 1316 congruunt
733 1219 852 1312 judici.
888 1221 978 1318 Quae
994 1219 1136 1312 quidem
1150 1219 1222 1292 illis

102 1361 106 1368 ·
129 1313 139 1386 ἶ
160 1317 359 1412 malasunt,
380 1319 506 1412 quibus
520 1317 774 1412 rependuntur.
810 1313 1060 1392 Caeternnsuo
1073 1315 1223 1392 nomine

157 1417 278 1512 bons,
298 1439 367 1512 que
377 1415 488 1510 iusta,
507 1419 732 1494 &bonorum
742 1415 953 1509 defensoria,
967 1415 1223 1511 &defletum

27 1539 30 1551 ·
159 1519 446 1611 inimica,ntque
459 1517 495 1590 in
506 1517 579 1590 hoc
590 1515 841 1611 ordine„Deo
852 1515 966 1613 dignu
992 1513 1087 1608 Aut,
1105 1517 1223 1612 probs

162 1623 207 1692 ea
229 1615 379 1711 iniusta,
413 1629 455 1690 ut
477 1619 610 1711 probes
635 1615 775 1690 malitiae
799 1615 1016 1709 depuranda,
1040 1615 1077 1688 id
1097 1613 1148 1689 est
1168 1617 1224 1688 in·

159 1715 301 1811 justitie
324 1717 438 1791 mnia:
464 1713 566 1809 quia,
591 1716 617 1790 sr
638 1715 778 1808 J'ustitiae
794 1730 921 1808 erunt,
943 1717 1014 1810 jum
1037 1717 1127 1790 maia
1144 1735 1228 1788 non·

149 1829 292 1908 erunt,
330 1813 390 1888 sed
412 1816 529 1908 bona,
553 1815 652 1888 malis
680 1815 928 1891 tantummodo
948 1817 1062 1904 muln,
1093 1815 1224 1907 quibus

55 1948 61 1959 ·
160 1915 268 1988 etiam
291 1913 426 1986 direbbo
442 1915 540 1986 bona
558 1935 627 2008 pro
648 1916 746 1990 malis
764 1914 981 1990 damnantur.
1034 1913 1225 1990 Constitue

159 2011 296 2108 igitun
330 2009 456 2105 injuste
494 2013 676 2088 hominem
711 2013 840 2086 divinae
866 2013 953 2108 legis
976 2011 1224 2088 voluntarium

141 2113 454 2206 'contemptorem
476 2111 512 2184 id
537 2109 709 2199 retulisse,
734 2133 808 2203 quo
833 2111 951 2184 noluit
974 2110 1145 2187 caruisse:
1170 2113 1222 2188 in·

156 2209 249 2304 juste
270 2211 437 2285 malitiam
453 2212 520 2283 aevi
540 2213 631 2286 illius
654 2211 844 2302 imbribus,
881 2209 1009 2284 dehinc
1028 2209 1222 2307 &ignibus

161 2305 300 2384 cesam:
335 2308 462 2402 injuste
493 2311 699 2406 Aegyptum
735 2309 969 2403 foediffimam,
1005 2307 1223 2403 superstitio·

136 2427 144 2464 ³
160 2405 254 2504 Pom,
281 2409 427 2503 amplius
442 2407 586 2504 hospitis
600 2409 726 2506 populi
747 2409 1054 2502 conflibsnicem,
1081 2410 1223 2484 ¹decem·

158 2509 244 2601 plici
261 2508 488 2604 castigatione
505 2505 709 2604 percuss'am.
756 2509 902 2582 Indurnt
923 2529 989 2581 cor
1007 2507 1221 2596 Pharaonis,

74 2635 77 2644 ·
160 2607 196 2679 or
210 2621 386 2680 meruerat
399 2609 436 2680 in
453 2608 597 2682 exitium
610 2605 879 2696 subministrari,
905 2610 963 2702 qui
976 2609 1047 2701 jum
1066 2629 1222 2704 negave-

158 2717 216 2777 rat
232 2705 370 2799 Deum,
397 2707 455 2798 qui
467 2707 538 2799 jam
551 2707 688 2804 legatos
700 2710 777 2801 ejus
793 2704 902 2782 toties
918 2707 1084 2802 superbus
1100 2709 1224 2782 excus-

158 2801 270 2896 sserat,
297 2805 356 2897 qui
368 2805 439 2897 jam
453 2807 590 2898 populo
611 2809 770 2880 laborem
792 2809 910 2900 operis
931 2809 1127 2880 adiecerat:
1152 2829 1219 2904 po·

158 2901 304 2996 st'remo,
326 2923 394 2996 qua
408 2902 629 3000 Aegyptius,
655 2907 743 2978 olim.
753 2905 836 2978 Deo
851 2926 933 2979 reus
948 2903 1065 2979 fuerat
1077 2909 1219 3002 gentilis

157 3001 389 3096 idololatris,
415 3001 494 3078 Ibin
515 3001 549 3076 u
570 3003 802 3078 crocodilum
816 3007 919 3078 citius
939 3007 1086 3093 colens,
1112 3027 1220 3097 quam

36 3114 40 3122 '
157 3101 278 3176 Deum
294 3103 430 3176 vivum.
480 3099 706 3196 inpeditur
733 3101 804 3178 sum
818 3107 1009 3200 populum,
1033 3103 1220 3202 sedingra-

157 3212 276 3375 trun.h
297 3199 438 3276 Immiit
461 3201 495 3275 br
518 3205 636 3297 pueris
660 3125 781 3300 rufos,
807 3201 866 3279 sed
887 3207 1165 3280 irreverentibus
1182 3205 1221 3280 in

203 3323 226 3374 0
278 3313 381 3377 etam.

39 3409 42 3418 ⁴
157 3319 201 3394 pr
228 3321 297 3492 ξς(
315 3398 488 3495 Justitinm
508 3419 596 3498 ergo
613 3402 729 3494 primo
744 3401 871 3496 judicis
894 3399 1044 3498 dispice,
1072 3405 1172 3498 eujus
1192 3405 1220 3481 fi

157 3499 250 3574 ratio
268 3497 488 3592 eonstiterit,
514 3511 601 3573 tunc
618 3500 653 3572 δι
669 3499 837 3574 severitas
856 3501 890 3574 ἀ
906 3523 970 3596 per
994 3525 1070 3596 quae
1088 3502 1220 3578 severi·

157 3611 211 3670 tus
235 3597 404 3690 deerurit,
428 3595 560 3673 raboni
579 3599 765 3692 &Justitiae
781 3603 1048 3693 reputabuntur.
1099 3601 1220 3680 Acne

156 3697 316 3789 pluribus
333 3697 573 3791 immoremur,
600 3697 737 3776 nssbrite
750 3698 879 3774 caussas
896 3713 1040 3774 caeteras
1058 3721 1220 3798 quoque,

157 3809 199 3867 ue
216 3791 405 3872 sententias
429 3795 692 3876 condemnetis:
719 3797 882 3878 excusate
898 3797 1046 3898 delicia,
1070 3815 1114 3876 ur
1127 3801 1222 3916 judi·

230 3943 234 3950 .
994 3921 1029 3950 ι’
1115 3921 1170 3975 cra
