2618 4340
349 161 961 324 Dasr'ac'racuarsr}
1117 213 1174 294 ,η

96 351 217 428 diores
249 349 287 427 dt
317 351 618 430 administratores
649 354 956 453 imitandorum,
987 357 1175 454 quadriga·
1256 351 1259 359 ’

96 457 194 548 rios,
226 449 411 548 scenicos,
446 454 629 550 xysticos‚
661 457 844 533 arenarios
877 457 959 532 illos
993 457 1174 534 amentiffi·

94 575 201 648 mos‚
229 555 357 646 quibus
374 553 444 628 viri
460 557 612 650 animas,
638 555 801 651 femina,
829 571 890 631 aut
904 559 955 632 illi
970 557 1078 632 etiam
1094 579 1174 633 cor·

95 673 193 750 pora
217 651 278 728 sun
301 651 552 750 substernunt,
587 670 740 755 propter
764 678 856 751 quos
879 659 917 732 in
941 681 985 732 ea
1011 658 1174 732 commit

95 767 204 848 tunt,
230 775 308 850 quae
323 756 613 852 reprehendam,
640 757 824 832 ereadcm
838 773 915 832 orte
929 780 1033 854 quam
1041 757 1176 852 magniss
1204 845 1206 850 ,

95 853 260 950 faciunt,
288 855 497 952 deponunt,
521 857 597 931 imo
623 857 807 934 manifeste
830 857 1001 934 damnant
1023 859 1188 954 ignom:

96 953 208 1030 nia&
228 956 354 1054 capitis
369 956 591 1051 minutione,
620 972 784 1034 arcentes
807 959 924 1052 curia,
949 957 1099 1052 rostris,
1119 955 1196 1032 *se--

98 1069 212 1150 natu,
240 1056 387 1150 equite,
420 1057 621 1152 ceterisque
645 1058 850 1134 honoribus
877 1059 1045 1134 omnibus
1066 1057 1194 1138 ,fimul

99 1177 145 1229 ac
153 1156 375 1230 ornamentis
386 1153 600 1250 quibusdam.
623 1161 775 1259 >Quanta
785 1159 1015 1252 perversitas!
1042 1155 1195 1234 Amant»
1293 1189 1297 1198 v

100 1275 196 1349 quos
210 1257 385 1350 multant,
412 1257 616 1350 depretiant
634 1277 727 1351 quos
744 1259 913 1354 probant
963 1251 1092 1332 Artem
1105 1269 1178 1332 ma·

101 1352 299 1456 guillermi,
325 1352 498 1432 artificem
515 1371 660 1435 notant
712 1359 830 1462 Quale
847 1357 984 1451 J’udiciu
1039 1355 1110 1452 est,
1135 1367 1194 1429 uo.

101 1457 155 1532 ob
181 1479 223 1530 ea
248 1457 326 1550 quis
352 1455 575 1554 offuscem,
610 1479 677 1554 per
700 1479 779 1555 quae
804 1479 971 1554 promere
1013 1456 1066 1549 r?⁴
1097 1457 1195 1532 Imo·

101 1569 237 1650 quanta
254 1555 427 1634 contento
455 1556 507 1632 cst
530 1559 631 1634 malae
648 1559 728 1654 rei,
756 1559 856 1652 cuius
883 1555 1181 1654 audiorerrcum

102 1645 330 1754 acceptissimi
344 1657 432 1752 sint,
459 1659 532 1732 fine
552 1671 644 1732 nota
658 1679 737 1733 non
755 1656 860 1732 sunt!
1135 1651 1154 1672 ‘'

183 1779 240 1848 23.
265 1760 388 1860 Quum
398 1759 507 1854 lginu
523 1759 677 1834 humana
688 1759 903 1833 recordatio.
919 1759 1027 1832 ctiam
1045 1757 1181 1834 obstre-

102 1868 220 1954 pente
238 1859 350 1954 gratia
374 1857 577 1954 voluptatis
603 1858 824 1935 damnandos
846 1881 911 1934 eos
933 1857 1094 1953 censeat,
1122 1859 1181 1932 ad-

105 1957 237 2054 emptis
250 1957 357 2032 bonis
374 1958 586 2056 dignitatrma
599 1961 637 2034 in
651 1959 828 2052 quendam
843 1957 1031 2058 scopulum
1041 1955 1194 2035 fanon--

1 2105 2 2124 r
104 2057 233 2152 tatis,'
250 2072 388 2150 quanto
413 2059 524 2156 tnagis
545 2058 668 2134 divina
682 2057 817 2154 justitia
840 2059 878 2134 in
900 2059 1077 2154 ejusmodi
1099 2059 1183 2132 arti·

102 2151 199 2230 sices.
220 2157 503 2232 animadvertit?
529 2158 590 2234 An
603 2157 690 2234 Deo
713 2159 875 2254 placebit
899 2160 1019 2258 auriga
1035 2160 1097 2234 ille
1120 2169 1193 2232 tot-

104 2258 303 2332 animarum
312 2257 558 2352 inquietator,
583 2272 644 2333 tot
656 2259 826 2336 liniarum
837 2257 1018 2354 minister,
1043 2271 1105 2334 tot
1117 2257 1183 2333 sta·

104 2369 232 2452 tuum,
255 2371 300 2430 ut
313 2356 480 2432 sacerdos
496 2371 717 2456 coronatus,
745 2361 805 2434 vel
823 2361 1009 2436 coloratus
1025 2373 1069 2432 ut
1079 2359 1183 2452 leno,
1305 2357 1307 2364 '

2 2473 3 2488 ¹
104 2477 214 2550 quem
229 2477 339 2532 curru
350 2459 560 2556 rapiendum
572 2459 735 2534 diabolus
747 2457 915 2534 adversus
925 2459 1068 2534 Heliam
1079 2477 1186 2534 exor-

2 2575 3 2586 ¹
104 2557 246 2632 navitl
277 2557 440 2634 Placebit
464 2558 606 2656 &illc,
640 2561 706 2652 -qai
734 2559 859 2633 vultus
887 2558 969 2634 suos
1002 2558 1186 2634 novanda

1 2665 4 2706 ³
105 2657 253 2734 mutati
277 2655 431 2734 infidelis
449 2679 535 2755 erga
551 2659 682 2734 faciem
698 2653 794 2733 suam
811 2679 916 2752 quam
931 2681 1011 2735 non
1033 2671 1186 2734 conten·
1256 2672 1260 2684 ’

1 2758 5 2800 ’
106 2771 167 2832 tus
183 2758 340 2833 Sanuno
354 2757 482 2854 &llidi
502 2757 537 2832 dt
555 2757 692 2832 Libero
706 2761 909 2854 proximam
922 2758 1070 2853 facere,
1094 2757 1186 2832 insu·
1244 2746 1249 2770 ’

1 2854 5 2892 ²
106 2877 176 2956 per
201 2859 430 2934 contumeliis
456 2859 637 2956 alaparum
652 2858 702 2934 stc
727 2859 877 2956 objicit,
910 2859 1007 2956 quast
1032 2857 1077 2933 de
1099 2861 1189 2954 prae-
1246 2857 1250 2870 '

109 2973 222 3054 cepto
236 2959 388 3033 Domini
404 2957 540 3034 ludat?
572 2957 699 3033 Docet
715 2955 853 3034 scilicet
868 2959 1088 3134 {diabolus
1103 2979 1189 3032 ver·

1 3071 6 3095 ·
108 3059 301 3134 herandum
314 3059 494 3134 maxillam
510 3059 691 3156 patienter
704 3058 857 3135 offena-2
905 3053 988 3134 ia&
1005 3059 1192 3154 tragoedoo

1 3153 23 3195 ·'
110 3157 300 3233 cothurnis
315 3158 469 3252 extulit,
495 3161 579 3254 quia
594 3179 704 3232 nemo
720 3157 842 3254 potest
857 3159 1013 3253 adjicere
1028 3161 1190 3233 cubitum
1218 3191 1224 3204 ·
1254 3186 1260 3221 r

1 3278 8 3307 ⁹
108 3274 223 3333 unum
240 3260 285 3332 ad
302 3258 470 3334 staturam
484 3257 600 3353 suam,
624 3259 836 3352 mendacem
853 3259 975 3336 facere
989 3255 1072 3332 irult
1086 3255 1189 3332 Chri-

2 3361 9 3412 '·
110 3357 213 3434 stum
271 3360 350 3456 Jam
363 3377 459 3434 vero
477 3357 589 3456 ipsum
609 3371 702 3452 opus
718 3358 974 3456 personarum,
1000 3375 1121 3452 quero
1143 3379 1189 3434 an

108 3457 197 3534 Deo
222 3459 386 3558 placeat,
420 3459 481 3552 qui
505 3479 652 3534 omnem
675 3458 939 3534 limilitudinem
961 3471 1067 3532 vetat
1088 3455 1189 3553 fieri,

25 3631 29 3642 ,
112 3575 252 3652 quanto
266 3561 377 3654 magis
391 3559 554 3654 imaginis
572 3557 653 3634 sua.
709 3555 801 3633 Non
818 3572 913 3633 amat
925 3555 1049 3632 falsum
1065 3557 1192 3632 audior
1225 3569 1231 3620 t
1251 3588 1256 3612 ι

111 3659 299 3736 veritatis:
333 3657 547 3734 adulterium
563 3655 614 3736 est
627 3657 723 3753 apud
735 3659 836 3735 illum
849 3677 960 3734 omne
976 3659 1076 3753 quod
1086 3656 1194 3755 fingi·
1225 3626 1234 3728 l

113 3773 184 3833 tur.
242 3757 404 3834 Proinde
422 3779 587 3853 vocem,
618 3753 748 3851 sexus,
782 3771 906 3836 aetates
932 3760 1190 3850 mentientem,
1239 3790 1242 3800 ·

34 3925 39 3931 .
112 3879 279 3952 amores,
305 3859 396 3953 iras,
423 3859 598 3956 gemitur,
623 3861 801 3953 lacrymas
824 3855 1094 3936 adseverantem
1102 3879 1193 3933 ‘loon
1234 3869 1238 3894 ²
1305 3917 1307 3922 ,

113 3959 315 4060 probabit,
340 3962 402 4054 qui
419 3979 568 4038 omnem
586 3957 798 4063 hypocrita
815 3959 972 4038 drouart.
1022 3957 1193 4038 &torum

199 4079 208 4094 ι
1061 4077 1143 4130 cum
1293 4097 1296 4105 r
