2598 4328
173 183 245 288 414
321 186 367 290 Q.
393 172 526 261 Ser'r.
553 178 1078 260 sacrosanctarum

171 347 407 428 tendentem?
432 347 546 420 Porro
562 369 641 419 cum
664 345 768 420 etiam
781 355 922 417 creator
937 343 974 416 in
994 342 1231 418 Deuterono-

172 453 247 528 mio
270 447 492 522 Armnonitas
514 444 744 518 &Moabitas
768 442 955 536 prohibeat
973 443 1083 536 recipi
1107 445 1142 517 in
1168 465 1231 516 ec·

171 551 329 641 clessam,
356 545 453 640 quod
477 546 648 640 populum
663 542 834 640 Aegypto
854 541 1053 638 profestum
1069 545 1233 617 inhuma-

169 663 219 726 ne
233 649 268 722 s
282 644 538 740 inhospitaliter
553 643 665 738 copiis
682 639 952 716 defraudassent:
978 663 1063 738 ergo
1075 643 1111 714 in
1126 641 1230 717 Chri·

170 747 262 825 stum
280 745 362 819 inde
386 741 534 818 manasse
560 742 734 816 constabit
764 741 1093 817 communicationis
1119 743 1232 815 inter·

171 843 324 938 dimum
340 829 401 917 ubi
412 845 519 918 habet
532 843 699 915 sormam:
723 843 793 934 Qvi
806 866 860 912 vos
869 841 1011 938 spernit,
1037 867 1084 912 nac
1094 839 1228 937 spernit.

170 943 443 1036 Hocumoyu
462 957 624 1015 creator:
656 939 747 1014 Non
766 955 802 1014 te
825 937 1139 1034 contempserunt,
1166 939 1229 1014 sed

170 1067 242 1124 me.
290 1040 383 1118 Tam
395 1043 488 1116 enim
501 1039 696 1134 Apostolus
709 1037 880 1134 Moyses,
897 1059 1000 1132 quam
1014 1039 1230 1136 &Apostoli

171 1143 373 1237 Propheta.
425 1139 620 1233 Aequanda
639 1140 706 1212 erit
729 1141 898 1212 autoritas
918 1137 1095 1232 utriusque
1117 1137 1228 1214 officii

173 1245 220 1318 ab
241 1263 315 1316 uno
330 1240 527 1334 eodemque
544 1237 692 1317 domino
709 1236 969 1334 Apostolorum
984 1237 1227 1332 &Propheta-

171 1361 262 1416 rum.
315 1341 404 1442 Quis
422 1359 518 1419 nunc
539 1339 625 1410 dabit
642 1339 814 1436 poreflarem
828 1341 967 1408 cadendi
981 1339 1072 1436 fiaper
1090 1342 1230 1409 colubros

52 1447 57 1458 '
171 1437 214 1520 dr
234 1435 399 1536 scorpios?
432 1437 610 1512 Utrumne
637 1437 794 1512 omnium
816 1437 1013 1512 animalium
1036 1438 1229 1530 dominus,

173 1553 220 1616 rb
239 1555 307 1612 nec
328 1539 431 1612 unius
450 1535 582 1612 Deus?
616 1536 685 1610 Sed
700 1539 820 1628 bene,
854 1537 951 1630 quod
970 1551 1111 1610 creator
1133 1538 1229 1610 hanc

169 1639 386 1738 potestatem
402 1637 506 1711 etiam
527 1638 683 1732 parvulis
701 1637 856 1730 puerulis
873 1657 937 1729 per
950 1633 1084 1710 Esaiam
1102 1655 1228 1731 repro·

164 1739 284 1832 arrisit,
311 1739 490 1830 conjicere
510 1757 649 1816 manum
665 1737 702 1810 in
725 1755 914 1810 cavernam
937 1734 1111 1828 aspidum,
1139 1735 1230 1812 &in

173 1839 290 1910 cubile
307 1851 474 1909 natorum
491 1835 670 1930 aspidum,
695 1857 763 1908 nec
783 1836 931 1908 omnino
950 1835 1038 1909 laedi.
1088 1833 1137 1914 Et
1157 1837 1228 1910 uti·

173 1942 243 2028 que
256 1933 404 2027 scimus,
430 1932 546 2030 (salva
559 1933 776 2026 simplicitate
793 1931 989 2032 scripturae3
1014 1954 1094 2006 nam
1108 1955 1176 2006 nec
1191 1933 1229 2010 dt

171 2031 253 2128 ipsa
268 2031 385 2106 bestiae
399 2051 534 2104 nocere
555 2044 772 2124 potuerunt,
797 2031 859 2106 ubi
879 2030 966 2106 fides
986 2032 1119 2130 suerit)
1138 2032 1228 2132 ligu-

170 2143 270 2225 rate,
296 2129 456 2224 scorpios
474 2130 507 2203 dt
526 2131 696 2204 colubros
711 2131 880 2224 portendi
896 2129 1059 2225 spiritalia
1072 2133 1228 2228 malitia,

172 2251 326 2326 quorum
339 2227 411 2324 ipse
428 2249 571 2322 quoque
587 2231 750 2324 princeps
761 2231 798 2304 in
813 2231 980 2326 serpentia
995 2231 1029 2304 dt
1045 2231 1228 2326 draconis,

172 2332 208 2404 δι
231 2327 499 2404 eminentisunae
523 2331 695 2422 cujusque
716 2329 834 2404 bestia
861 2334 1004 2404 nominc
1035 2332 1232 2426 deputetur

170 2451 283 2525 penes
305 2443 533 2520 creatorem,
575 2429 738 2526 largitum
761 2429 852 2502 hanc
876 2429 1087 2524 potestatem
1112 2431 1227 2525 priori

171 2527 314 2602 Christo
329 2527 392 2607 suo
407 2582 419 2620 ,
443 2527 532 2600 srcut
552 2528 794 2625 nonagesimus
809 2527 956 2622 psalmus
974 2529 1017 2603 ad
1031 2551 1110 2602 eum
1128 2551 1137 2603 ε
1162 2529 1228 2602 Su-

170 2647 237 2721 per
255 2625 405 2720 aspidem
419 2622 452 2698 dt
466 2623 657 2702 basiliscum
670 2627 835 2718 incedes,
859 2627 1133 2702 &conculcabis
1150 2631 1229 2703 leo-

170 2745 254 2800 nem
269 2725 303 2798 &
319 2723 523 2800 draconem.
574 2725 674 2800 Sicut
684 2727 789 2800 etiam
798 2723 938 2800 Esaias:
964 2727 1028 2802 llla
1039 2729 1095 2802 die
1109 2728 1230 2821 super·

170 2825 279 2898 ducet
298 2822 460 2898 dominus
475 2821 573 2897 Deus
589 2827 794 2898 macheram
810 2823 957 2901 sanilam
973 2879 985 2920 ,
1017 2843 1175 2924 magnam
1192 2829 1230 2902 dt

103 2969 107 2976 -
147 2915 327 3016 sortem,
360 2921 535 2996 Christum
550 2919 815 3016 scilicetsuum,
847 2925 884 2998 in
902 2927 1092 3000 draconem
1105 2927 1227 3022 illum,

169 3022 358 3098 colubrum
384 3040 546 3118 magnum
566 3023 600 3094 dc
621 3020 849 3118 tortuosum,
886 3023 1125 3099 &interficiet
1145 3046 1229 3102 eum

170 3121 231 3194 illa
247 3120 315 3196 die.
367 3119 437 3194 Sed
460 3127 540 3194 c'um
558 3121 650 3194 idem
671 3123 731 3192 via
751 3122 931 3195 mimda&
951 3127 1011 3198 via
1030 3123 1143 3198 sanc‘la
1158 3147 1229 3200 vo·

170 3219 332 3314 cabitur,
358 3217 394 3292 dt
418 3236 493 3292 non
518 3217 676 3296 transibit
697 3219 769 3292 illic
793 3219 1033 3314 immundum,
1064 3243 1132 3298 nec
1157 3229 1230 3300 erit

168 3317 242 3392 illic
258 3319 320 3390 via
335 3318 538 3394 immunda:
570 3319 629 3410 qui
647 3331 763 3390 autem
780 3317 916 3412 dispersi
936 3335 1063 3414 erunt,
1089 3323 1230 3399 vadent

168 3417 206 3491 in
221 3439 281 3510 ea,
309 3415 341 3488 dr
359 3435 435 3490 non
452 3415 636 3490 errabunt:
662 3418 697 3488 dc
711 3435 786 3489 non
803 3419 1033 3493 eritiamillic
1049 3421 1128 3514 leo,
1154 3441 1234 3496 neo

169 3537 217 3589 ex
232 3513 349 3588 bestiis
362 3513 507 3610 pessimis
527 3517 713 3608 quicquam
731 3513 895 3590 ascendet
912 3519 1057 3611 ineam,
1082 3539 1154 3592 nec
1172 3521 1226 3596 in·

169 3614 336 3684 venietur
352 3615 447 3685 illic:
474 3631 554 3688 cum
569 3615 628 3685 via
645 3607 750 3688 fidem
774 3615 1014 3710 demonstret,
1039 3637 1226 3714 perquam

169 3710 213 3781 ad
230 3709 348 3782 Deum
361 3695 634 3804 perveniemus:
657 3712 729 3804 jam
746 3725 832 3786 turm
849 3711 962 3789 eidem
976 3719 1068 3810 viae,
1094 3717 1130 3790 id
1151 3717 1223 3813 est,

115 3841 118 3848 ·
167 3803 273 3903 fidei,
297 3807 389 3886 hanc
409 3811 680 3887 evacuationem
702 3811 736 3886 dr
760 3809 1011 3908 subJediiouem
1034 3816 1225 3902 bestiarum

1069 3916 1172 4016 polli-
