2582 4322
123 171 127 176 ·
161 143 249 247 mat
306 120 364 252 ᾇ·
382 148 514 227 saar.
538 145 677 226 Fron.
702 143 1054 228 'terracmam

162 285 352 411 &ingenia
364 309 428 410 p'er
442 307 647 384 Antitheses
663 309 846 406 constant,
872 311 995 386 eadem
1006 311 1122 388 forma
1135 312 1232 388 conl⁴

162 415 255 490 stare
271 415 378 487 etiam
397 409 620 484 sacramenta.

180 505 194 554 ³
239 537 272 590 2.
299 511 418 584 Habes
437 531 534 583 nunc
553 510 596 581 ad
617 508 821 584 Antitheses
845 510 1045 603 expeditam
1068 533 1087 584 a
1112 512 1235 584 nobis'

13 605 14 616 ’
160 601 434 706 resoonsro'nem.
484 607 644 682 Transeo
667 631 768 696 nunc¹
785 610 828 688 ad
850 611 1024 706 evangelii
1043 610 1123 683 sane
1144 610 1256 700 non)

160 709 325 808 Iudaici,
360 703 419 782 se'd
448 707 589 781 Pontici
621 709 765 782 interim
794 709 980 783 adulterati
1009 701 1238 783 demonstra-i

160 813 318 894 etonem,
349 806 625 902 praestructuram
652 809 832 903 ordinem,
866 827 971 900 quem
992 809 1217 906 aggredimur.

109 951 111 956 ·
161 901 418 984 Constituimus
446 909 482 980 in
505 909 652 1002 primis,
685 910 929 1004 evangelicum
954 909 1219 982 instrumentum

161 1009 363 1104 Apostolos
391 1020 534 1080 autores
558 1008 710 1100 habere,
738 1011 862 1102 quibus
881 1009 954 1080 hoc
973 1027 1220 1080 munusevan·

161 1106 245 1183 darii
267 1107 513 1204 promulgandi
535 1107 577 1178 ab
600 1105 676 1200 ipso
705 1107 852 1182 domino
873 1107 914 1180 s1t
940 1106 1161 1200 impositum
1195 1105 1220 1180 s1

16 1295 22 1310 Ι
160 1209 233 1282 &a
256 1209 407 1306 ostolicos,
433 1227 509 1278 non
525 1219 642 1280 tamen
660 1205 776 1302 solos,
803 1205 861 1280 sed
876 1227 956 1278 cum
970 1205 1161 1300 apostolis,
1188 1203 1221 1278 a

158 1227 255 1404 postp
259 1305 459 1400 apostolos:
493 1308 659 1396 quoniam
677 1305 883 1399 praedicatio
900 1304 1150 1398 discipulorum
1171 1303 1220 1378 su·

159 1403 275 1502 spatia
301 1403 376 1480 fieri
398 1403 513 1500 posset
532 1405 575 1477 de
594 1407 713 1502 gloriae
735 1405 874 1502 studio,
899 1403 1015 1478 sinon
1034 1405 1158 1478 assistat
1172 1403 1221 1476 ilii

160 1507 335 1582 autoritas
358 1502 630 1600 magistrorum,
661 1507 736 1580 imo
755 1503 909 1598 Christi,
940 1503 1018 1596 quac
1036 1503 1222 1600 magistron

159 1603 361 1700 apostolos
378 1605 476 1678 fecit.
527 1603 693 1697 Denique
711 1603 817 1678 nobis
832 1603 938 1678 fidem
956 1631 993 1676 ex
1007 1605 1147 1700 apostolis
1163 1599 1243 1698 Jo-'

158 1703 294 1779 hanncs
318 1703 563 1776 &Matthaeus
580 1701 776 1798 insinuant,
808 1731 845 1776 ex
866 1703 1028 1802 apostolicis
1045 1702 1164 1776 Lucas
1189 1699 1223 1774 dt

158 1798 305 1878 Marcus
322 1801 533 1896 instaurant,
554 1800 674 1876 iisdem
690 1805 818 1902 regulis
837 1803 971 1894 exors,
990 1815 1163 1894 quantum
1177 1797 1222 1873 ‘ad

158 1901 304 1974 unicum
320 1903 438 1974 Deum
454 1901 582 1974 attinet
600 1915 799 1976 creatorem
817 1904 850 1974 dt
869 1900 1041 1976 Christum
1059 1902 1151 1995 ejus,
1164 1921 1222 1974 na-

158 2013 237 2072 tum
253 2021 299 2072 ex
318 1999 477 2096 virgine,
501 1997 781 2096 supplementum
799 2003 884 2098 legis
901 1999 1220 2096 &prophetarum

157 2097 305 2186 Viderit
317 2099 422 2199 enim,
438 2097 462 2172 sr
477 2099 719 2174 narrationum
736 2095 913 2193 dispostio
929 2099 1115 2190 variavit;‚
1126 2100 1222 2174 dum·

158 2199 272 2274 modo
298 2192 341 2272 de
364 2199 481 2292 capite
504 2191 587 2273 fidei
612 2199 825 2293 conveniat,
853 2199 896 2273 de
921 2219 994 2290 quo
1022 2199 1109 2274 cuni
1128 2197 1223 2272 Mar-

160 2297 268 2370 cione
287 2317 365 2370 non
390 2299 575 2373 convenit.
638 2297 800 2394 Contra,
832 2297 1000 2374 Marcion
1028 2299 1221 2394 evangelio

158 2395 294 2470 scilicet
318 2395 383 2472 suo
408 2397 543 2470 nulium
568 2392 729 2472 adscribit
752 2409 935 2491 autorem,
962 2399 1053 2492 quasr
1080 2419 1158 2472 non
1183 2399 1222 2472 li·

161 2497 277 2569 cuerit
300 2497 351 2570 illi
373 2495 517 2570 titulum
542 2509 684 2590 quoque
708 2493 899 2592 effingere,
936 2499 993 2570 cui
1016 2495 1118 2572 nefas
1145 2517 1221 2570 non

158 2593 260 2668 fuiti
287 2591 360 2669 sum
382 2612 514 2688 corpus
537 2609 711 2671 evertere.
762 2589 811 2670 Et
828 2593 963 2690 possem
981 2599 1040 2670 hic
1058 2599 1131 2690 jam
1147 2615 1223 2693 gra·

159 2691 243 2766 dum
257 2617 381 2789 figere,
398 2713 474 2767 non
487 2689 745 2790 agnoscendum
762 2695 984 2770 contendens
998 2717 1106 2790 opus,
1123 2693 1223 2788 quod

37 2805 39 2811 '
158 2809 237 2867 non
255 2797 365 2888 erigat
382 2792 560 2885 frontem,
587 2791 684 2886 quod
700 2795 831 2870 nullam
847 2791 1080 2880 constantiam
1099 2793 1223 2889 praese·

158 2899 241 2987 rat,
266 2893 399 2967 mulam
424 2887 529 2965 fidem
551 2893 778 2984 repromittat
803 2895 848 2970 de
869 2895 1091 2990 plenitudine
1111 2891 1222 2988 tituli,

159 2989 422 3090 &professione
440 2990 558 3062 debita
574 2993 720 3068 autoris.
769 2992 840 3066 Sed
855 3014 920 3088 per
934 2995 1054 3068 omnia
1071 3013 1224 3091 congre·

158 3089 418 3184 dimaluimus,
449 3107 517 3161 nec
538 3087 806 3185 dissinmlanms‚
838 3093 935 3184 quod
954 3113 1000 3164 ex
1018 3091 1146 3191 nostro
1170 3093 1223 3166 in·

158 3187 269 3288 teiiigi
286 3186 415 3283 potest.
471 3185 567 3264 Nam
590 3206 635 3263 er
656 3191 709 3266 his
731 3187 1100 3286 commentatoribus,
1128 3209 1223 3284 quos

142 3287 351 3382 habemus,
394 3283 527 3360 Lucam
552 3289 696 3364 videtur
722 3289 891 3365 Marcion
916 3289 1080 3388 elegisse,
1113 3309 1223 3380 quern

158 3389 323 3462 caderet.
373 3379 490 3458 Porro
512 3385 629 3462 Lucas
651 3409 727 3464 non
747 3387 949 3484 apostolus,
974 3389 1032 3467 scd
1050 3386 1224 3480 apossoli·

158 3487 242 3578 cus:
276 3505 354 3560 non
373 3481 555 3580 magister,
590 3483 648 3559 sed
669 3483 877 3586 discipulus,
907 3491 1031 3659 utiam
1050 3485 1224 3584 magistro

157 3580 297 3678 minor,
313 3598 411 3660 certe
427 3594 532 3658 tanto
546 3583 743 3680 posterior,
763 3601 897 3681 quanto
912 3609 961 3681 po
993 3589 1120 3662 erioris
1135 3607 1225 3681 apo-

157 3679 244 3758 stoli
255 3679 425 3778 sedator,
440 3679 537 3758 Pauli
552 3683 624 3757 fine
638 3683 768 3761 dubio:
790 3701 834 3762 ut
849 3687 911 3760 etsr
926 3683 986 3763 sub
999 3685 1104 3780 ipsius
1120 3685 1226 3760 Pauli

149 3782 305 3864 uom'me
319 3781 548 3884 evmgdmn
556 3779 727 3876 Marcion
739 3779 929 3886 nnuma,
952 3783 1226 3962 nonssiffiffiret

242 3899 249 3911 ¹
665 3902 677 3925 ἢ
715 3912 740 3934 a·
895 3896 919 3936 ιλ
1010 3918 1023 3936 ι
1058 3917 1063 3932 ι
1172 3899 1191 3938 λ
