2616 4336
324 277 387 334 nr
411 255 624 334 Conona
648 255 877 349 Mrrrrrs.
1067 281 1136 340 211

58 437 307 514 coronarum,
334 441 412 514 quae
429 421 503 494 aliis
520 421 638 496 usibus
659 419 853 518 prospestae
873 418 1070 516 videntur,
1095 435 1140 498 ut

60 521 137 598 aliis
164 517 363 596 substantiis
379 519 536 614 statua,
562 543 610 594 ne
627 524 709 614 quia
726 543 804 595 non
819 543 864 595 ex
881 519 1032 596 floribus
1051 543 1139 598 corr·

59 621 175 715 stant,
202 639 357 714 quorum
371 618 471 694 usum
488 633 615 695 naurra
632 621 808 718 fignavit‚
833 636 876 696 ut
889 621 962 716 ipsa
975 625 1051 697 haec
1065 625 1141 697 lau·

61 741 122 796 rea
144 721 326 814 militaris,
351 739 428 794 non
451 721 642 794 credantur
664 722 851 796 admittere
873 720 973 796 setlae
992 724 1156 797 interdi¹

59 821 240 913 ctionem,
267 821 350 912 quia
369 817 548 894 evaserint
565 835 701 894 nature
717 819 1033 918 praescriptionem.
1071 825 1137 898 Vi·

60 921 133 996 deo
150 921 260 1017 igitur
279 922 315 994 dt
331 921 502 994 curiosius
521 921 709 1014 &planius
734 921 910 1017 agendum
933 923 976 994 ab
994 923 1138 1020 origini·

59 1021 127 1096 bus
147 1019 279 1116 resque,
312 1019 357 1094 ad
376 1017 559 1114 professus
580 1021 614 1094 &
636 1019 796 1094 excelsus
817 1022 881 1097 rei.
932 1022 1065 1098 Litcrae
1092 1021 1138 1098 ad
1184 1101 1191 1115 Κ
1263 1073 1287 1116 η

59 1121 135 1196 hoc
156 1121 330 1196 seculares
349 1117 558 1196 necessariae.
612 1121 672 1194 De
691 1118 760 1196 suis
782 1122 878 1196 enim
894 1119 1137 1200 instrumentis

59 1219 231 1295 secularia
248 1221 393 1313 probari
408 1217 548 1294 necesse
574 1219 636 1296 est.
687 1223 889 1321 Quantulas
904 1223 1005 1318 attigi
1023 1222 1136 1296 credo
1238 1302 1240 1313 Ι

58 1318 246 1396 sufficient.
296 1319 332 1392 Si
355 1320 423 1393 fuit
441 1321 556 1414 aliqua
569 1319 733 1394 Pandora
748 1341 853 1416 quarn
872 1323 1022 1415 primam
1037 1321 1138 1398 sami·
1172 1362 1173 1371 κ

59 1439 189 1496 narum
201 1435 379 1494 memorat
399 1419 597 1516 Hesiodus,
625 1421 699 1495 hoc
716 1421 868 1514 primum
894 1433 1003 1518 caput
1029 1418 1137 1496 c'oro·

57 1535 185 1596 natum
199 1519 283 1594 esta
300 1519 503 1604 charitibus
523 1542 604 1594 cum
621 1524 665 1596 ab
683 1521 850 1594 omnibus
871 1511 1136 1634 muneraretgs,

57 1621 158 1694 unde
176 1619 353 1696 Pandora.
384 1617 506 1694 Nobis
526 1639 620 1694 vero
635 1617 785 1714 Moyses
803 1619 1040 1714 Propheticus
1058 1620 1137 1698 non
1162 1627 1170 1662 ·

58 1721 231 1816 poeticus
240 1719 380 1814 pallor,
406 1717 781 1814 principemserninam
791 1717 910 1796 Evam
923 1719 1061 1796 facilius
1072 1741 1137 1814 pua

11 1887 12 1894 a
59 1820 181 1894 denda
194 1821 291 1894 foliis
309 1839 411 1912 quam
427 1835 594 1914 tempora
606 1819 758 1894 floribus
773 1817 980 1915 insinuant,
1006 1820 1138 1896 deseri·

11 1967 12 2010 p
58 1919 128 1995 bit.
174 1917 380 2016 Nullaergo
391 1919 564 1996 Pandora.
587 1919 981 1994 .Sed&demendacio
996 1917 1137 1996 erubess

11 2059 14 2114 p
59 2017 177 2096 cende
201 2019 252 2094 est
272 2039 420 2095 corona
442 2021 559 2118 origo.
610 2021 683 2094 lam
705 2019 907 2094 nuncdtde
918 2021 1136 2114 veritatibus

11 2141 15 2224 l
57 2117 141 2197 suis.
194 2117 304 2194 Certe
325 2121 419 2194 enim
444 2119 594 2194 Grecos
616 2117 717 2194 fuill'e
739 2119 881 2194 constat
900 2121 1064 2198 austures
1083 2121 1138 2196 rei

13 2269 15 2302 l
59 2222 124 2294 vel
143 2219 414 2296 illuminatores.
460 2217 651 2294 Saturnum
665 2217 890 2314 Pherecydes
907 2235 991 2294 ante
1007 2243 1135 2298 omnes

13 2365 17 2416 p
58 2319 177 2410 refert
201 2334 438 2416 coronatum,
473 2321 607 2414 Jovem
638 2319 828 2392 Diodorus
860 2319 942 2415 post
970 2321 1135 2394 deviuos

14 2437 17 2514 l
57 2417 212 2495 Titanas
239 2422 313 2494 hoc
332 2439 484 2494 ¹munere
509 2441 530 2494 a
554 2421 693 2492 caeteris
717 2421 963 2492 honoratum:
997 2419 1074 2492 Dat
1100 2421 1136 2494 dt

15 2541 19 2618 l
57 2519 191 2616 Priapo
208 2521 329 2594 taenias
342 2519 454 2596 idem:
480 2519 516 2593 tc
531 2519 699 2594 Ariadne
715 2517 846 2595 sertum
865 2541 910 2592 ex
926 2539 1015 2592 auro
1030 2521 1065 2592 dr
1077 2519 1136 2594 In·
1281 2533 1288 2552 ·

16 2651 20 2732 ι
60 2621 151 2696 dicis
166 2621 323 2716 gemmis.
374 2621 531 2695 Vulcani
549 2641 664 2714 opus,
690 2619 811 2694 Liberi
829 2634 981 2712 munus,
1007 2641 1050 2693 ac
1066 2641 1135 2717 poa

17 2747 20 2816 l
58 2719 134 2796 stea
152 2721 257 2798 fidus.
307 2719 442 2815 Junoni
463 2722 578 2794 vitem
605 2717 840 2794 Callimachus
866 2720 1018 2796 induxit.
1077 2721 1135 2798 lta

18 2867 21 2914 ,
60 2819 97 2894 dt
110 2820 219 2916 Argis
235 2821 371 2916 signum
388 2822 463 2914 ejus
482 2822 628 2914 palmite
647 2819 848 2894 redimitum
863 2815 1020 2913 subjetto
1035 2821 1135 2918 petia

19 2947 22 3016 l
57 2921 128 2996 bus
149 2921 226 3014 ejus
243 2922 347 2994 corio
367 2919 557 3014 Leonino‚
580 2919 806 2994 insultantem
825 2917 983 2994 ostentat
1000 2941 1145 2995 novet..

60 3043 140 3096 carn
167 3020 213 3093 de
237 3021 379 3094 exuviis
403 3017 586 3114 utriusque
610 3022 779 3116 privigni.
831 3019 1007 3094 Hercules
1037 3041 1135 3096 nunc

21 3165 24 3222 p
58 3121 238 3218 populum
247 3121 364 3216 capite
376 3117 538 3214 prefert,
552 3141 592 3204 na
706 3119 874 3210 castrum,
898 3114 1134 3217 nuncapium.

22 3269 25 3316 ,
59 3221 186 3297 Habes
211 3219 414 3317 tragoediam
435 3217 595 3295 Cerberi.
703 3221 767 3292 bes
787 3217 999 3312 Pindarum,
1027 3235 1136 3315 atque

23 3363 26 3422 p
60 3319 338 3414 Callimachum,
365 3320 425 3414 qui
451 3321 486 3392 u
515 3319 720 3413 Apollinem
742 3333 921 3395 memorat
941 3319 1135 3394 intersetlo

24 3463 27 3550 l
59 3415 1136 3618 lielthllllrallatllllalallullllul

59 3641 162 3713 rum,
189 3620 450 3714 eundemapud
471 3616 674 3716 Aegyptios
693 3617 833 3712 osuin,
862 3619 1134 3710 Harpocration

60 3718 231 3795 industria
245 3719 456 3794 hederatum
479 3733 767 3815 argumentator,
799 3717 898 3810 quod
918 3718 1059 3794 hedos
1073 3741 1134 3796 na·

62 3831 145 3892 tura
161 3819 205 3893 stt
221 3821 411 3894 cerebrum
427 3821 471 3896 ab
495 3819 629 3894 hehrco
655 3815 846 3894 defensare.
896 3817 968 3890 Sed
990 3810 1027 3890 u
1049 3819 1134 3896 alias

61 3918 235 3998 Liberum
254 3921 455 4020 principem
478 3937 626 4026 corone
640 3921 760 4017 ‘plane
782 3919 912 3995 larrreae
936 3917 975 3994 in
997 3939 1067 4014 qua
1088 3941 1135 3996 ex

30 4085 31 4144 p
577 4015 755 4095 02¹
933 4021 1087 4098 ·1n·
