2582 4322
16 51 17 54 Ν
97 213 111 238 ἢ
170 101 239 207 34⁶
307 93 1073 200 Q.Srrr‘r.Fcon,-‚Tanruci.1‚qn1

166 263 270 350 tatis,
297 255 597 352 cum3definitione
613 258 741 350 mortis
757 257 988 352 convenisset.
1014 294 1018 306 ·
1036 255 1224 357 Postremo

168 385 244 440 non
258 361 421 446 libertate.
439 381 507 434 nec
527 357 703 452 potestate
724 359 859 454 arbitrii
869 354 1008 454 feeiiiet
1021 357 1224 460 infirmum,

167 461 226 540 sed
249 461 369 556 potius
395 457 593 534 defectione
619 480 748 535 earum.
807 457 1043 555 Atqueadeo
1071 461 1225 557 eundem

167 561 371 654 hominem,
398 559 543 635 eandem
559 557 779 634 substantiam
795 560 936 651 animae,
962 559 1113 637 eundem
1132 557 1224 651 Adai

167 661 313 753 statum,
339 659 461 734 eadem
478 659 609 734 arbitrii
627 658 821 736 libertas&
841 656 1019 754 potestat,
1047 655 1225 757 vidorein

168 759 276 838 efficit
289 759 398 834 hodie
420 757 464 832 de
489 758 617 832 eodem
634 758 800 852 diabolo,
827 753 1109 833 cumsecundum
1123 756 1223 832 obse-

167 861 288 956 quium
314 859 431 953 legum
461 857 536 950 ejus
566 857 831 943 administratur.
850 910 878 932 ,.

188 969 189 974 ‘
242 981 276 1054 9.
303 959 465 1072 Quoquo
482 972 620 1052 tamen,
644 957 780 1050 inquis,
804 957 915 1033 modo
928 955 1113 1032 substantia
1128 979 1225 1031 crea·

16 1115 17 1122 a
78 1064 83 1080 ¹
166 1059 257 1132 toris
272 1057 387 1134 delrtti
401 1078 510 1154 capax
526 1059 732 1148 inuenitur,
761 1077 841 1132 cum
856 1056 989 1140 afflatus
1003 1057 1095 1148 Dei,
1123 1059 1159 1130 id
1174 1055 1225 1132 est

167 1160 280 1236 anima
292 1159 330 1230 in
346 1159 490 1232 homine
507 1157 663 1248 deliquit.
714 1155 796 1250 Nec
808 1155 933 1250 potest
953 1175 1032 1235 non
1054 1155 1097 1230 ad
1117 1157 1225 1252 origi-

165 1261 281 1334 nalem
298 1257 461 1332 summam
477 1255 601 1356 referri
620 1257 807 1352 corruptio
827 1255 1018 1350 portionis.
1070 1253 1130 1328 Ad
1148 1257 1223 1330 hoc

61 1398 65 1408 ·
165 1355 429 1449 interpretanda
450 1357 518 1428 erit
539 1357 685 1450 qualitas
715 1355 845 1430 animae.
895 1355 938 1428 In
956 1356 1075 1448 primis
1096 1347 1224 1430 tenen·

166 1457 250 1534 dum
268 1457 364 1549 quod
391 1453 517 1556 Graeca
537 1453 708 1552 scriptdra
728 1453 901 1550 signavit,
935 1453 1088 1530 afflatum
1108 1457 1225 1528 norni-

165 1577 275 1648 nans‚
301 1577 378 1641 nnn
391 1557 548 1648 spirirum,
607 1553 761 1650 Quidam
785 1555 876 1628 eninr
899 1553 943 1628 de
964 1553 1094 1631 Graeco
1114 1557 1225 1629 inter·

134 1739 135 1744 q
164 1668 361 1764 pretentes,
385 1676 460 1728 non
473 1655 671 1751 recogitata
684 1651 895 1746 differentia,
920 1671 989 1746 nec
1003 1664 1226 1748 curatapro-

166 1758 316 1849 prietate
344 1757 557 1846 verborum,
592 1773 660 1848 pro
679 1751 792 1844 afflatu
819 1751 980 1845 spiritum
1002 1767 1161 1850 ponunt,
1191 1751 1227 1826 dt

165 1855 252 1928 dant
263 1853 435 1928 naereticis
450 1854 694 1945 occasionem,
716 1853 873 1946 spiritum
887 1851 958 1926 Dei
976 1849 1104 1926 denno
1117 1849 1226 1924 infus-

164 1953 291 2044 candi,
317 1951 352 2024 id
373 1949 423 2024 est
440 1949 552 2044 ipsum
577 1952 713 2042 Deum:
738 1950 773 2024 &
797 1948 960 2042 usurpata
982 1951 1051 2042 J'arn
1075 1949 1227 2040 quaestio

165 2051 226 2126 est.
276 2051 439 2146 Intellige
449 2051 571 2144 itaque
581 2067 595 2133 ,“
611 2051 768 2126 afflatum¹
778 2049 952 2124 minorem
967 2047 1125 2144 spiritum
1140 2049 1226 2144 effe,

166 2151 202 2224 di
221 2150 247 2224 ir
268 2149 313 2226 de
331 2149 453 2244 spiritu
479 2151 626 2242 accidit,
650 2161 692 2222 ut
715 2148 867 2238 aurrdarn
886 2150 983 2242 ejus,
1009 2164 1228 2224 nontamen

164 2249 332 2344 spiritum.
358 2249 396 2324 N
398 2249 589 2324 amicarum
601 2260 714 2320 vento
731 2247 867 2320 rarior:
889 2247 951 2322 etsi
971 2248 1015 2320 de
1031 2261 1147 2336 vento
1165 2271 1226 2322 au·

164 2370 225 2443 ra,
256 2371 332 2426 non
353 2363 471 2424 tamen
493 2363 621 2423 ventus
643 2367 735 2421 aura.
787 2345 892 2441 Capit
913 2348 1017 2420 etiarn
1035 2347 1228 2442 imaginem

163 2449 304 2544 spiritus
330 2448 448 2524 dicere
480 2447 612 2522 flatum.
662 2445 758 2520 Nam
792 2445 826 2518 &
856 2445 939 2531 ideo
965 2447 1077 2520 homo
1103 2445 1227 2542 imago

162 2547 259 2639 Dei,
284 2549 321 2622 id
336 2547 386 2625 est
401 2545 565 2642 spiritus:
589 2545 691 2632 Deus
714 2545 808 2620 enirn
828 2541 978 2640 spiritus.
1028 2547 1150 2638 imago
1168 2567 1226 2618 er·

163 2646 394 2742 gannitus,
420 2647 565 2724 afflatus.
622 2645 739 2720 Porro
766 2645 884 2741 imago
911 2647 1055 2738 veritati
1076 2665 1153 2718 non
1169 2643 1227 2718 us·

164 2767 374 2840 quequaque
396 2746 643 2840 adaequabitur.
703 2741 814 2818 Aliud
841 2743 891 2818 est
918 2747 1014 2818 enirn
1031 2741 1226 2818 secundum

163 2851 351 2931 veritatem
368 2843 458 2938 eise,
485 2845 577 2918 aliud
599 2843 705 2938 ipsam
723 2843 911 2918 veritatem
928 2840 1006 2918 erse.
1046 2842 1103 2936 Sic
1121 2841 1155 2914 dt
1173 2841 1226 2918 af-

162 2945 272 3038 flatus⁴
284 2967 362 3036 curn
377 2945 493 3040 imago
508 2943 549 3018 srt
567 2943 723 3040 spiritus,
749 2963 826 3016 non
839 2941 959 3038 potest
971 2943 1022 3016 ita
1036 2942 1227 3038 imaginem

152 3043 236 3120 'Dei
255 3061 486 3136 comparare,
510 3057 552 3116 ut
577 3044 657 3134 quia
682 3042 837 3133 veritas,
863 3041 899 3112 id
925 3041 976 3116 est
1000 3041 1161 3136 spiritus,
1186 3041 1227 3116 id

163 3141 215 3232 est
237 3141 363 3235 Deus,
395 3139 465 3216 sine
491 3141 619 3216 delicto
645 3139 718 3232 est,
744 3141 828 3213 ideo
854 3141 888 3212 δι
918 3137 1072 3218 afflatus.
1110 3139 1227 3233 idest

161 3243 400 3338 irnagoq-non
419 3242 580 3314 debuerit
598 3235 761 3328 adniifiss‘e
779 3239 952 3312 delidtum.
1004 3239 1046 3312 In
1063 3241 1136 3312 hoc
1155 3241 1228 3313 erit

160 3341 287 3438 imago?
315 3343 431 3414 minor
456 3344 637 3431 veritate,
672 3339 706 3410 dc
737 3337 872 3412 afflatus
904 3338 1027 3431 spiritu
1050 3337 1223 3432 inferior,

160 3441 293 3516 habene
308 3441 383 3532 ilias
400 3441 523 3532 utique
538 3440 649 3512 lineas
662 3436 757 3530 Dei,
784 3455 853 3528 qua
869 3437 1078 3514 immortalis
1092 3437 1226 3532 anima,

161 3559 229 3630 qua
244 3543 354 3614 libera
369 3539 403 3610 &
418 3535 468 3612 sui
481 3535 636 3627 arbitrii,
663 3557 732 3628 qua
741 3533 886 3632 prescia
899 3539 1126 3630 plerumque,
1152 3557 1229 3630 qua

160 3639 363 3733 rationalis,
390 3659 499 3730 capax
516 3633 715 3716 intellectus
733 3635 768 3708 dc
786 3633 962 3726 scientiae,
988 3648 1107 3711 tamen
1133 3634 1168 3708 dc
1187 3637 1228 3710 in

159 3735 214 3810 hia
244 3737 382 3836 imago,
419 3736 554 3826 &non
581 3733 760 3828 usquead
785 3731 891 3831 ipsam
916 3735 990 3810 vim
1011 3735 1227 3906 diuinistntis.

314 3899 316 3908 .
447 3865 465 3877 ·‘
1139 3854 1172 3906 rc
