<?xml version="1.0" encoding="UTF-8"?>
<!DOCTYPE html PUBLIC "-//W3C//DTD XHTML 1.0 Transitional//EN"
    "http://www.w3.org/TR/xhtml1/DTD/xhtml1-transitional.dtd">
<html xmlns="http://www.w3.org/1999/xhtml" xml:lang="en" lang="en">
 <head>
  <title>
</title>
<meta http-equiv="Content-Type" content="text/html;charset=utf-8" />
  <meta name='ocr-system' content='tesseract 3.04.00' />
  <meta name='ocr-capabilities' content='ocr_page ocr_carea ocr_par ocr_line ocrx_word'/>
</head>
<body>
  <div class='ocr_page' id='page_1' title='image "./operaomnia01tertgoog/operaomnia01tertgoog_0478.png"; bbox 0 0 2598 4328; ppageno 0'>
   <div class='ocr_carea' id='block_1_1' title="bbox 138 116 1082 228">
    <p class='ocr_par' dir='ltr' id='par_1_1' title="bbox 138 116 1082 228">
     <span class='ocr_line' id='line_1_1' title="bbox 138 116 1082 228; baseline 0.012 -38"><span class='ocrx_word' id='word_1_1' title='bbox 138 140 237 220; x_wconf 52' lang='lat'>1442</span> <span class='ocrx_word' id='word_1_2' title='bbox 311 122 520 228; x_wconf 77' lang='lat' dir='ltr'>Q.&#39;Sa&#39;er.</span> <span class='ocrx_word' id='word_1_3' title='bbox 544 119 687 198; x_wconf 77' lang='lat' dir='ltr'>Fcoac</span> <span class='ocrx_word' id='word_1_4' title='bbox 707 116 1082 200; x_wconf 44' lang='lat' dir='ltr'>*terreamur-</span> 
     </span>
    </p>
   </div>
   <div class='ocr_carea' id='block_1_2' title="bbox 75 281 1283 3452">
    <p class='ocr_par' dir='ltr' id='par_1_2' title="bbox 75 281 1283 2561">
     <span class='ocr_line' id='line_1_2' title="bbox 167 281 1283 382; baseline -0.003 -19"><span class='ocrx_word' id='word_1_5' title='bbox 167 307 250 363; x_wconf 84' lang='lat' dir='ltr'>cum</span> <span class='ocrx_word' id='word_1_6' title='bbox 265 284 473 380; x_wconf 71' lang='lat' dir='ltr'>questiones</span> <span class='ocrx_word' id='word_1_7' title='bbox 493 283 645 371; x_wconf 67' lang='lat' dir='ltr'>refutata</span> <span class='ocrx_word' id='word_1_8' title='bbox 674 283 734 358; x_wconf 86' lang='lat' dir='ltr'>De</span> <span class='ocrx_word' id='word_1_9' title='bbox 751 281 1002 380; x_wconf 74' lang='lat' dir='ltr'>separagedroo</span> <span class='ocrx_word' id='word_1_10' title='bbox 1017 285 1222 382; x_wconf 74' lang='lat' dir='ltr'>venitpfflr</span> <span class='ocrx_word' id='word_1_11' title='bbox 1279 286 1283 360; x_wconf 80' lang='lat' dir='ltr'>i</span> 
     </span>
     <span class='ocr_line' id='line_1_3' title="bbox 166 383 1283 478; baseline 0.003 -20"><span class='ocrx_word' id='word_1_12' title='bbox 166 409 252 466; x_wconf 84' lang='lat' dir='ltr'>mo:</span> <span class='ocrx_word' id='word_1_13' title='bbox 282 384 478 478; x_wconf 84' lang='lat' dir='ltr'>Aperiam,</span> <span class='ocrx_word' id='word_1_14' title='bbox 510 383 649 476; x_wconf 88' lang='lat' dir='ltr'>inquit,</span> <span class='ocrx_word' id='word_1_15' title='bbox 682 383 938 477; x_wconf 87' lang='lat' dir='ltr'>inparabolam</span> <span class='ocrx_word' id='word_1_16' title='bbox 957 400 1000 458; x_wconf 85' lang='lat' dir='ltr'>os</span> <span class='ocrx_word' id='word_1_17' title='bbox 1018 407 1157 464; x_wconf 76' lang='lat' dir='ltr'>mono:</span> <span class='ocrx_word' id='word_1_18' title='bbox 1182 389 1240 462; x_wconf 83' lang='lat' dir='ltr'>id.</span> <span class='ocrx_word' id='word_1_19' title='bbox 1277 385 1283 461; x_wconf 83' lang='lat' dir='ltr'>i</span> 
     </span>
     <span class='ocr_line' id='line_1_4' title="bbox 167 483 1283 580; baseline 0.003 -20"><span class='ocrx_word' id='word_1_20' title='bbox 167 486 232 577; x_wconf 82' lang='lat' dir='ltr'>est,</span> <span class='ocrx_word' id='word_1_21' title='bbox 257 483 531 560; x_wconf 79' lang='lat' dir='ltr'>similitudinem:</span> <span class='ocrx_word' id='word_1_22' title='bbox 560 483 706 574; x_wconf 86' lang='lat' dir='ltr'>eloquar</span> <span class='ocrx_word' id='word_1_23' title='bbox 717 483 962 575; x_wconf 86' lang='lat' dir='ltr'>problemata,</span> <span class='ocrx_word' id='word_1_24' title='bbox 986 483 1111 580; x_wconf 82' lang='lat' dir='ltr'>idest,</span> <span class='ocrx_word' id='word_1_25' title='bbox 1137 485 1225 562; x_wconf 86' lang='lat' dir='ltr'>edis·</span> <span class='ocrx_word' id='word_1_26' title='bbox 1276 495 1283 562; x_wconf 78' lang='lat' dir='ltr'>i</span> 
     </span>
     <span class='ocr_line' id='line_1_5' title="bbox 167 581 1283 680; baseline -0.004 -20"><span class='ocrx_word' id='word_1_27' title='bbox 167 583 276 662; x_wconf 85' lang='lat' dir='ltr'>seram</span> <span class='ocrx_word' id='word_1_28' title='bbox 301 583 521 677; x_wconf 78' lang='lat' dir='ltr'>questiones.</span> <span class='ocrx_word' id='word_1_29' title='bbox 570 581 608 654; x_wconf 81' lang='lat' dir='ltr'>Si</span> <span class='ocrx_word' id='word_1_30' title='bbox 624 584 808 658; x_wconf 82' lang='lat' dir='ltr'>hominem</span> <span class='ocrx_word' id='word_1_31' title='bbox 831 583 975 659; x_wconf 79' lang='lat' dir='ltr'>alteriue</span> <span class='ocrx_word' id='word_1_32' title='bbox 996 587 1112 680; x_wconf 80' lang='lat' dir='ltr'>gentis</span> <span class='ocrx_word' id='word_1_33' title='bbox 1136 607 1224 680; x_wconf 91' lang='lat' dir='ltr'>pro·</span> <span class='ocrx_word' id='word_1_34' title='bbox 1279 607 1283 656; x_wconf 78' lang='lat' dir='ltr'>i</span> 
     </span>
     <span class='ocr_line' id='line_1_6' title="bbox 167 679 1283 780; baseline 0.003 -23"><span class='ocrx_word' id='word_1_35' title='bbox 167 687 253 757; x_wconf 88' lang='lat' dir='ltr'>bare</span> <span class='ocrx_word' id='word_1_36' title='bbox 278 681 472 776; x_wconf 75' lang='lat' dir='ltr'>voluisses,</span> <span class='ocrx_word' id='word_1_37' title='bbox 506 681 630 774; x_wconf 86' lang='lat' dir='ltr'>utique</span> <span class='ocrx_word' id='word_1_38' title='bbox 654 679 699 756; x_wconf 86' lang='lat' dir='ltr'>de</span> <span class='ocrx_word' id='word_1_39' title='bbox 717 684 938 780; x_wconf 80' lang='lat' dir='ltr'>proprietate</span> <span class='ocrx_word' id='word_1_40' title='bbox 961 683 1112 776; x_wconf 79' lang='lat' dir='ltr'>loquela</span> <span class='ocrx_word' id='word_1_41' title='bbox 1137 689 1225 780; x_wconf 58' lang='lat' dir='ltr'>pro}</span> <span class='ocrx_word' id='word_1_42' title='bbox 1280 707 1283 778; x_wconf 68' lang='grc'><strong>4</strong></span> 
     </span>
     <span class='ocr_line' id='line_1_7' title="bbox 166 783 1283 857; baseline 0 -1"><span class='ocrx_word' id='word_1_43' title='bbox 166 783 280 857; x_wconf 76' lang='lat' dir='ltr'>bores.</span> <span class='ocrx_word' id='word_1_44' title='bbox 788 835 791 842; x_wconf 75' lang='lat'>·</span> <span class='ocrx_word' id='word_1_45' title='bbox 1281 807 1283 856; x_wconf 75' lang='grc' dir='ltr'>ι</span> 
     </span>
     <span class='ocr_line' id='line_1_8' title="bbox 126 867 1283 977; baseline 0.005 -25"><span class='ocrx_word' id='word_1_46' title='bbox 126 943 132 961; x_wconf 87' lang='grc'><em>,</em></span> <span class='ocrx_word' id='word_1_47' title='bbox 244 903 298 956; x_wconf 82' lang='lat'>12.</span> <span class='ocrx_word' id='word_1_48' title='bbox 322 879 380 954; x_wconf 85' lang='lat' dir='ltr'>De</span> <span class='ocrx_word' id='word_1_49' title='bbox 396 879 540 956; x_wconf 89' lang='lat' dir='ltr'>sabbato</span> <span class='ocrx_word' id='word_1_50' title='bbox 559 901 702 974; x_wconf 76' lang='lat' dir='ltr'>quoque</span> <span class='ocrx_word' id='word_1_51' title='bbox 719 879 806 956; x_wconf 90' lang='lat' dir='ltr'>illud</span> <span class='ocrx_word' id='word_1_52' title='bbox 820 885 1019 977; x_wconf 83' lang='lat' dir='ltr'>praemitto,</span> <span class='ocrx_word' id='word_1_53' title='bbox 1044 902 1112 956; x_wconf 87' lang='lat' dir='ltr'>nec</span> <span class='ocrx_word' id='word_1_54' title='bbox 1126 883 1223 958; x_wconf 85' lang='lat' dir='ltr'>hanc</span> <span class='ocrx_word' id='word_1_55' title='bbox 1280 867 1283 958; x_wconf 78' lang='lat' dir='ltr'>i</span> 
     </span>
     <span class='ocr_line' id='line_1_9' title="bbox 167 979 1283 1074; baseline 0.002 -22"><span class='ocrx_word' id='word_1_56' title='bbox 167 980 393 1074; x_wconf 80' lang='lat' dir='ltr'>questionem</span> <span class='ocrx_word' id='word_1_57' title='bbox 418 981 604 1056; x_wconf 86' lang='lat' dir='ltr'>confistere</span> <span class='ocrx_word' id='word_1_58' title='bbox 627 979 1074 1074; x_wconf 76' lang='lat' dir='ltr'>potuisse,s1nonsseam</span> <span class='ocrx_word' id='word_1_59' title='bbox 1093 983 1223 1071; x_wconf 64' lang='lat' dir='ltr'>putate</span> <span class='ocrx_word' id='word_1_60' title='bbox 1281 983 1283 1054; x_wconf 77' lang='lat' dir='ltr'>i</span> 
     </span>
     <span class='ocr_line' id='line_1_10' title="bbox 166 1079 1283 1177; baseline 0.005 -25"><span class='ocrx_word' id='word_1_61' title='bbox 166 1080 410 1156; x_wconf 83' lang='lat' dir='ltr'>circumferret</span> <span class='ocrx_word' id='word_1_62' title='bbox 424 1079 590 1154; x_wconf 87' lang='lat' dir='ltr'>Christus.</span> <span class='ocrx_word' id='word_1_63' title='bbox 647 1079 730 1152; x_wconf 90' lang='lat' dir='ltr'>Nec</span> <span class='ocrx_word' id='word_1_64' title='bbox 748 1081 841 1156; x_wconf 91' lang='lat' dir='ltr'>enim</span> <span class='ocrx_word' id='word_1_65' title='bbox 856 1083 1078 1177; x_wconf 65' lang='lat' dir='ltr'>disceptaretur</span> <span class='ocrx_word' id='word_1_66' title='bbox 1094 1105 1149 1152; x_wconf 76' lang='lat' dir='ltr'>cer</span> <span class='ocrx_word' id='word_1_67' title='bbox 1169 1085 1224 1154; x_wconf 79' lang='lat' dir='ltr'>de·</span> <span class='ocrx_word' id='word_1_68' title='bbox 1281 1109 1283 1158; x_wconf 73' lang='lat' dir='ltr'>r</span> 
     </span>
     <span class='ocr_line' id='line_1_11' title="bbox 157 1178 1283 1279; baseline 0.002 -29"><span class='ocrx_word' id='word_1_69' title='bbox 157 1179 294 1279; x_wconf 75' lang='lat' dir='ltr'>&#39;strueret</span> <span class='ocrx_word' id='word_1_70' title='bbox 311 1181 492 1268; x_wconf 75' lang='lat' dir='ltr'>sabbatum,</span> <span class='ocrx_word' id='word_1_71' title='bbox 534 1178 756 1254; x_wconf 71' lang='lat' dir='ltr'>fidessruere</span> <span class='ocrx_word' id='word_1_72' title='bbox 782 1179 940 1256; x_wconf 77' lang='lat' dir='ltr'>deberet</span> <span class='ocrx_word' id='word_1_73' title='bbox 1013 1179 1130 1254; x_wconf 85' lang='lat' dir='ltr'>Porro</span> <span class='ocrx_word' id='word_1_74' title='bbox 1160 1183 1221 1256; x_wconf 80' lang='lat' dir='ltr'>de-</span> <span class='ocrx_word' id='word_1_75' title='bbox 1279 1207 1283 1252; x_wconf 73' lang='lat' dir='ltr'>r</span> 
     </span>
     <span class='ocr_line' id='line_1_12' title="bbox 165 1277 1283 1373; baseline 0.001 -19"><span class='ocrx_word' id='word_1_76' title='bbox 165 1279 297 1354; x_wconf 87' lang='lat' dir='ltr'>struere</span> <span class='ocrx_word' id='word_1_77' title='bbox 316 1280 485 1372; x_wconf 81' lang='lat' dir='ltr'>deberet,</span> <span class='ocrx_word' id='word_1_78' title='bbox 516 1278 700 1352; x_wconf 84' lang='lat' dir='ltr'>fialteriur</span> <span class='ocrx_word' id='word_1_79' title='bbox 721 1277 791 1350; x_wconf 89' lang='lat' dir='ltr'>Dei</span> <span class='ocrx_word' id='word_1_80' title='bbox 808 1278 894 1352; x_wconf 84' lang='lat' dir='ltr'>esset</span> <span class='ocrx_word' id='word_1_81' title='bbox 909 1303 921 1354; x_wconf 51' lang='lat'>:¹</span> <span class='ocrx_word' id='word_1_82' title='bbox 951 1301 1020 1354; x_wconf 86' lang='lat' dir='ltr'>nec</span> <span class='ocrx_word' id='word_1_83' title='bbox 1042 1277 1222 1373; x_wconf 79' lang='lat' dir='ltr'>quisquam</span> <span class='ocrx_word' id='word_1_84' title='bbox 1281 1289 1283 1358; x_wconf 79' lang='lat' dir='ltr'>i</span> 
     </span>
     <span class='ocr_line' id='line_1_13' title="bbox 163 1372 1283 1473; baseline -0.001 -17"><span class='ocrx_word' id='word_1_85' title='bbox 163 1379 349 1456; x_wconf 82' lang='lat' dir='ltr'>miraretur</span> <span class='ocrx_word' id='word_1_86' title='bbox 378 1377 597 1470; x_wconf 81' lang='lat' dir='ltr'>facientem,</span> <span class='ocrx_word' id='word_1_87' title='bbox 633 1377 731 1469; x_wconf 89' lang='lat' dir='ltr'>quod</span> <span class='ocrx_word' id='word_1_88' title='bbox 749 1379 801 1450; x_wconf 81' lang='lat' dir='ltr'>iui</span> <span class='ocrx_word' id='word_1_89' title='bbox 821 1381 1052 1473; x_wconf 81' lang='lat' dir='ltr'>congruebat</span> <span class='ocrx_word' id='word_1_90' title='bbox 1103 1372 1231 1454; x_wconf 64' lang='lat' dir='ltr'>&#39;Mara</span> <span class='ocrx_word' id='word_1_91' title='bbox 1281 1385 1283 1456; x_wconf 81' lang='lat' dir='ltr'>i</span> 
     </span>
     <span class='ocr_line' id='line_1_14' title="bbox 163 1475 1283 1573; baseline 0.005 -23"><span class='ocrx_word' id='word_1_92' title='bbox 163 1477 292 1550; x_wconf 84' lang='lat' dir='ltr'>bantur</span> <span class='ocrx_word' id='word_1_93' title='bbox 334 1497 450 1573; x_wconf 89' lang='lat' dir='ltr'>ergo,</span> <span class='ocrx_word' id='word_1_94' title='bbox 490 1475 573 1569; x_wconf 87' lang='lat' dir='ltr'>quia</span> <span class='ocrx_word' id='word_1_95' title='bbox 614 1497 690 1552; x_wconf 89' lang='lat' dir='ltr'>non</span> <span class='ocrx_word' id='word_1_96' title='bbox 725 1479 948 1573; x_wconf 81' lang='lat' dir='ltr'>congruebat</span> <span class='ocrx_word' id='word_1_97' title='bbox 980 1479 1057 1569; x_wconf 76' lang='lat' dir='ltr'>ild,</span> <span class='ocrx_word' id='word_1_98' title='bbox 1096 1475 1239 1570; x_wconf 70' lang='lat' dir='ltr'>Deum.</span> <span class='ocrx_word' id='word_1_99' title='bbox 1281 1483 1283 1556; x_wconf 81' lang='lat' dir='ltr'>i</span> 
     </span>
     <span class='ocr_line' id='line_1_15' title="bbox 163 1573 1283 1672; baseline 0.004 -22"><span class='ocrx_word' id='word_1_100' title='bbox 163 1591 362 1652; x_wconf 83' lang='lat' dir='ltr'>creatorem</span> <span class='ocrx_word' id='word_1_101' title='bbox 392 1575 641 1670; x_wconf 81' lang='lat' dir='ltr'>circumferre,</span> <span class='ocrx_word' id='word_1_102' title='bbox 656 1574 709 1647; x_wconf 55' lang='lat' dir='ltr'>«dc</span> <span class='ocrx_word' id='word_1_103' title='bbox 736 1573 916 1650; x_wconf 88' lang='lat' dir='ltr'>sabbatum</span> <span class='ocrx_word' id='word_1_104' title='bbox 935 1579 1011 1672; x_wconf 75' lang='lat' dir='ltr'>ejtu</span> <span class='ocrx_word' id='word_1_105' title='bbox 1036 1579 1221 1672; x_wconf 82' lang='lat' dir='ltr'>impugna·</span> <span class='ocrx_word' id='word_1_106' title='bbox 1240 1614 1249 1638; x_wconf 86' lang='lat'>··</span> <span class='ocrx_word' id='word_1_107' title='bbox 1281 1613 1283 1654; x_wconf 65' lang='lat' dir='ltr'>i</span> 
     </span>
     <span class='ocr_line' id='line_1_16' title="bbox 162 1671 1283 1777; baseline 0.001 -29"><span class='ocrx_word' id='word_1_108' title='bbox 162 1697 213 1751; x_wconf 89' lang='lat' dir='ltr'>re.</span> <span class='ocrx_word' id='word_1_109' title='bbox 265 1671 371 1748; x_wconf 88' lang='lat' dir='ltr'>Etot</span> <span class='ocrx_word' id='word_1_110' title='bbox 385 1675 654 1770; x_wconf 67' lang='lat' dir='ltr'>primatumque</span> <span class='ocrx_word' id='word_1_111' title='bbox 675 1675 906 1768; x_wconf 73' lang='lat' dir='ltr'><strong>decidamus,</strong></span> <span class='ocrx_word' id='word_1_112' title='bbox 938 1695 986 1749; x_wconf 84' lang='lat' dir='ltr'>ne</span> <span class='ocrx_word' id='word_1_113' title='bbox 1001 1675 1221 1752; x_wconf 67' lang='lat' dir='ltr'>eademubit</span> <span class='ocrx_word' id='word_1_114' title='bbox 1243 1755 1248 1768; x_wconf 46' lang='lat'><em>„</em></span> <span class='ocrx_word' id='word_1_115' title='bbox 1269 1689 1283 1777; x_wconf 50' lang='grc' dir='ltr'>,ὲ</span> 
     </span>
     <span class='ocr_line' id='line_1_17' title="bbox 164 1774 1283 1870; baseline 0 -22"><span class='ocrx_word' id='word_1_116' title='bbox 164 1795 233 1868; x_wconf 88' lang='lat' dir='ltr'>que</span> <span class='ocrx_word' id='word_1_117' title='bbox 266 1795 442 1850; x_wconf 86' lang='lat' dir='ltr'>novemus</span> <span class='ocrx_word' id='word_1_118' title='bbox 475 1774 518 1850; x_wconf 89' lang='lat' dir='ltr'>ad</span> <span class='ocrx_word' id='word_1_119' title='bbox 549 1795 691 1849; x_wconf 89' lang='lat' dir='ltr'>omnem</span> <span class='ocrx_word' id='word_1_120' title='bbox 723 1775 1062 1870; x_wconf 77' lang='lat' dir='ltr'>argumentationem</span> <span class='ocrx_word' id='word_1_121' title='bbox 1091 1775 1250 1850; x_wconf 67' lang='lat' dir='ltr'>aava..</span> <span class='ocrx_word' id='word_1_122' title='bbox 1282 1815 1283 1856; x_wconf 47' lang='lat' dir='ltr'>r</span> 
     </span>
     <span class='ocr_line' id='line_1_18' title="bbox 163 1871 1283 1964; baseline 0.001 -16"><span class='ocrx_word' id='word_1_123' title='bbox 163 1873 266 1963; x_wconf 85' lang='lat' dir='ltr'>sarii,</span> <span class='ocrx_word' id='word_1_124' title='bbox 303 1895 349 1946; x_wconf 84' lang='lat' dir='ltr'>ex</span> <span class='ocrx_word' id='word_1_125' title='bbox 374 1874 488 1964; x_wconf 83' lang='lat' dir='ltr'>aliqua</span> <span class='ocrx_word' id='word_1_126' title='bbox 513 1895 614 1946; x_wconf 86' lang='lat' dir='ltr'>nova</span> <span class='ocrx_word' id='word_1_127' title='bbox 630 1871 755 1946; x_wconf 81' lang='lat' dir='ltr'>Christi</span> <span class='ocrx_word' id='word_1_128' title='bbox 778 1873 998 1948; x_wconf 87' lang='lat' dir='ltr'>institutione</span> <span class='ocrx_word' id='word_1_129' title='bbox 1022 1876 1220 1949; x_wconf 80' lang='lat' dir='ltr'>nitentema</span> <span class='ocrx_word' id='word_1_130' title='bbox 1282 1911 1283 1956; x_wconf 58' lang='lat' dir='ltr'>r</span> 
     </span>
     <span class='ocr_line' id='line_1_19' title="bbox 163 1969 1283 2076; baseline -0.004 -30"><span class='ocrx_word' id='word_1_131' title='bbox 163 1973 237 2047; x_wconf 80' lang='lat' dir='ltr'>haec</span> <span class='ocrx_word' id='word_1_132' title='bbox 249 1973 328 2076; x_wconf 70' lang='lat' dir='ltr'>jaun</span> <span class='ocrx_word' id='word_1_133' title='bbox 340 1969 502 2045; x_wconf 87' lang='lat' dir='ltr'>definitio</span> <span class='ocrx_word' id='word_1_134' title='bbox 518 1971 632 2048; x_wconf 83' lang='lat' dir='ltr'>stabit</span> <span class='ocrx_word' id='word_1_135' title='bbox 683 1971 770 2046; x_wconf 88' lang='lat' dir='ltr'>ldeo</span> <span class='ocrx_word' id='word_1_136' title='bbox 786 1972 830 2045; x_wconf 91' lang='lat' dir='ltr'>de</span> <span class='ocrx_word' id='word_1_137' title='bbox 847 1974 1013 2046; x_wconf 84' lang='lat' dir='ltr'>novitate</span> <span class='ocrx_word' id='word_1_138' title='bbox 1029 1971 1222 2049; x_wconf 74' lang='lat' dir='ltr'>institutio÷</span> <span class='ocrx_word' id='word_1_139' title='bbox 1281 2025 1283 2058; x_wconf 85' lang='grc'>,</span> 
     </span>
     <span class='ocr_line' id='line_1_20' title="bbox 161 2069 1283 2164; baseline -0.004 -22"><span class='ocrx_word' id='word_1_140' title='bbox 161 2072 217 2146; x_wconf 85' lang='lat' dir='ltr'>nis</span> <span class='ocrx_word' id='word_1_141' title='bbox 240 2071 410 2162; x_wconf 84' lang='lat' dir='ltr'>cujusque</span> <span class='ocrx_word' id='word_1_142' title='bbox 429 2069 677 2164; x_wconf 77' lang='lat' dir='ltr'>disceptatum,</span> <span class='ocrx_word' id='word_1_143' title='bbox 703 2073 783 2161; x_wconf 84' lang='lat' dir='ltr'>quia</span> <span class='ocrx_word' id='word_1_144' title='bbox 805 2071 851 2144; x_wconf 90' lang='lat' dir='ltr'>de</span> <span class='ocrx_word' id='word_1_145' title='bbox 867 2073 1034 2146; x_wconf 87' lang='lat' dir='ltr'>novitate</span> <span class='ocrx_word' id='word_1_146' title='bbox 1053 2072 1220 2145; x_wconf 68' lang='lat' dir='ltr'>divinitae</span> <span class='ocrx_word' id='word_1_147' title='bbox 1281 2095 1283 2138; x_wconf 64' lang='lat' dir='ltr'>r</span> 
     </span>
     <span class='ocr_line' id='line_1_21' title="bbox 162 2165 1283 2282; baseline 0.001 -38"><span class='ocrx_word' id='word_1_148' title='bbox 162 2173 207 2244; x_wconf 80' lang='lat' dir='ltr'>tis</span> <span class='ocrx_word' id='word_1_149' title='bbox 222 2165 309 2244; x_wconf 87' lang='lat' dir='ltr'>nihil</span> <span class='ocrx_word' id='word_1_150' title='bbox 322 2181 399 2242; x_wconf 90' lang='lat' dir='ltr'>erat</span> <span class='ocrx_word' id='word_1_151' title='bbox 415 2165 525 2264; x_wconf 87' lang='lat' dir='ltr'>usque</span> <span class='ocrx_word' id='word_1_152' title='bbox 538 2171 652 2244; x_wconf 89' lang='lat' dir='ltr'>adhuc</span> <span class='ocrx_word' id='word_1_153' title='bbox 667 2169 820 2262; x_wconf 81' lang='lat' dir='ltr'>editrrm,</span> <span class='ocrx_word' id='word_1_154' title='bbox 842 2169 943 2244; x_wconf 85' lang='lat' dir='ltr'>sicuti</span> <span class='ocrx_word' id='word_1_155' title='bbox 961 2193 1029 2246; x_wconf 85' lang='lat' dir='ltr'>occ</span> <span class='ocrx_word' id='word_1_156' title='bbox 1046 2170 1220 2264; x_wconf 77' lang='lat' dir='ltr'>discepta-</span> <span class='ocrx_word' id='word_1_157' title='bbox 1281 2191 1283 2282; x_wconf 40' lang='grc' dir='ltr'><strong>ἶ</strong></span> 
     </span>
     <span class='ocr_line' id='line_1_22' title="bbox 161 2267 1283 2362; baseline 0 -18"><span class='ocrx_word' id='word_1_158' title='bbox 161 2284 253 2344; x_wconf 84' lang='lat' dir='ltr'>tum:</span> <span class='ocrx_word' id='word_1_159' title='bbox 278 2289 347 2344; x_wconf 91' lang='lat' dir='ltr'>nec</span> <span class='ocrx_word' id='word_1_160' title='bbox 363 2267 465 2362; x_wconf 82' lang='lat' dir='ltr'>poss&#39;e&#39;</span> <span class='ocrx_word' id='word_1_161' title='bbox 481 2269 682 2360; x_wconf 87' lang='lat' dir='ltr'>retorqueri</span> <span class='ocrx_word' id='word_1_162' title='bbox 699 2291 744 2342; x_wconf 84' lang='lat' dir='ltr'>ex</span> <span class='ocrx_word' id='word_1_163' title='bbox 759 2267 830 2362; x_wconf 89' lang='lat' dir='ltr'>ipsa</span> <span class='ocrx_word' id='word_1_164' title='bbox 847 2270 1013 2344; x_wconf 85' lang='lat' dir='ltr'>novitate</span> <span class='ocrx_word' id='word_1_165' title='bbox 1029 2269 1221 2344; x_wconf 82' lang='lat' dir='ltr'>iustitutio-</span> <span class='ocrx_word' id='word_1_166' title='bbox 1281 2289 1283 2358; x_wconf 69' lang='grc' dir='ltr'>ε</span> 
     </span>
     <span class='ocr_line' id='line_1_23' title="bbox 75 2366 1283 2462; baseline -0.003 -16"><span class='ocrx_word' id='word_1_167' title='bbox 75 2396 81 2416; x_wconf 71' lang='lat'>=</span> <span class='ocrx_word' id='word_1_168' title='bbox 124 2372 214 2446; x_wconf 81' lang='lat' dir='ltr'>·nis</span> <span class='ocrx_word' id='word_1_169' title='bbox 236 2366 426 2462; x_wconf 85' lang='lat' dir='ltr'>cujusque,</span> <span class='ocrx_word' id='word_1_170' title='bbox 453 2367 533 2446; x_wconf 84' lang='lat' dir='ltr'>satis</span> <span class='ocrx_word' id='word_1_171' title='bbox 554 2369 653 2442; x_wconf 84' lang='lat' dir='ltr'>aliam</span> <span class='ocrx_word' id='word_1_172' title='bbox 677 2367 854 2442; x_wconf 88' lang='lat' dir='ltr'>aChristo</span> <span class='ocrx_word' id='word_1_173' title='bbox 876 2369 1147 2444; x_wconf 83' lang='lat' dir='ltr'>demonstratam</span> <span class='ocrx_word' id='word_1_174' title='bbox 1167 2369 1220 2441; x_wconf 59' lang='lat' dir='ltr'>di*</span> <span class='ocrx_word' id='word_1_175' title='bbox 1281 2409 1283 2442; x_wconf 47' lang='grc' dir='ltr'><strong>ς</strong></span> 
     </span>
     <span class='ocr_line' id='line_1_24' title="bbox 160 2465 1219 2561; baseline 0.002 -17"><span class='ocrx_word' id='word_1_176' title='bbox 160 2471 367 2561; x_wconf 84' lang='lat' dir='ltr'>vinitatem,</span> <span class='ocrx_word' id='word_1_177' title='bbox 394 2467 536 2559; x_wconf 84' lang='lat' dir='ltr'>quando</span> <span class='ocrx_word' id='word_1_178' title='bbox 554 2467 589 2540; x_wconf 82' lang='lat' dir='ltr'>dc</span> <span class='ocrx_word' id='word_1_179' title='bbox 607 2465 713 2560; x_wconf 85' lang='lat' dir='ltr'>ipsum</span> <span class='ocrx_word' id='word_1_180' title='bbox 728 2469 930 2540; x_wconf 85' lang='lat' dir='ltr'>novitatem</span> <span class='ocrx_word' id='word_1_181' title='bbox 943 2469 1219 2561; x_wconf 70' lang='lat' dir='ltr'>prouinciatim</span> 
     </span>
    </p>

    <p class='ocr_par' dir='ltr' id='par_1_3' title="bbox 161 2565 1218 2660">
     <span class='ocr_line' id='line_1_25' title="bbox 161 2565 1218 2660; baseline 0.004 -19"><span class='ocrx_word' id='word_1_182' title='bbox 161 2583 359 2644; x_wconf 84' lang='lat' dir='ltr'>acreatore</span> <span class='ocrx_word' id='word_1_183' title='bbox 375 2567 593 2660; x_wconf 82' lang='lat' dir='ltr'>constiterit,</span> <span class='ocrx_word' id='word_1_184' title='bbox 626 2569 662 2640; x_wconf 89' lang='lat' dir='ltr'>in</span> <span class='ocrx_word' id='word_1_185' title='bbox 677 2565 818 2650; x_wconf 82' lang='lat' dir='ltr'>Christo</span> <span class='ocrx_word' id='word_1_186' title='bbox 833 2585 909 2640; x_wconf 85' lang='lat' dir='ltr'>non</span> <span class='ocrx_word' id='word_1_187' title='bbox 924 2565 993 2640; x_wconf 82' lang='lat' dir='ltr'>esse</span> <span class='ocrx_word' id='word_1_188' title='bbox 1009 2568 1218 2645; x_wconf 74' lang='lat' dir='ltr'>ornandam.</span> 
     </span>
    </p>

    <p class='ocr_par' dir='ltr' id='par_1_4' title="bbox 158 2663 1283 2858">
     <span class='ocr_line' id='line_1_26' title="bbox 158 2663 1219 2760; baseline 0.001 -20"><span class='ocrx_word' id='word_1_189' title='bbox 158 2666 209 2740; x_wconf 89' lang='lat' dir='ltr'>Et</span> <span class='ocrx_word' id='word_1_190' title='bbox 223 2667 427 2758; x_wconf 82' lang='lat' dir='ltr'>oportuerit</span> <span class='ocrx_word' id='word_1_191' title='bbox 441 2666 564 2760; x_wconf 87' lang='lat' dir='ltr'>utique</span> <span class='ocrx_word' id='word_1_192' title='bbox 578 2668 673 2760; x_wconf 88' lang='lat' dir='ltr'>prius</span> <span class='ocrx_word' id='word_1_193' title='bbox 688 2667 792 2738; x_wconf 78' lang='lat' dir='ltr'>adium</span> <span class='ocrx_word' id='word_1_194' title='bbox 800 2665 918 2738; x_wconf 89' lang='lat' dir='ltr'>Deum</span> <span class='ocrx_word' id='word_1_195' title='bbox 929 2667 1076 2758; x_wconf 83' lang='lat' dir='ltr'>erponi,</span> <span class='ocrx_word' id='word_1_196' title='bbox 1090 2663 1219 2760; x_wconf 87' lang='lat' dir='ltr'>postea</span> 
     </span>
     <span class='ocr_line' id='line_1_27' title="bbox 159 2763 1219 2858; baseline -0.001 -19"><span class='ocrx_word' id='word_1_197' title='bbox 159 2763 373 2858; x_wconf 85' lang='lat' dir='ltr'>disciplinam</span> <span class='ocrx_word' id='word_1_198' title='bbox 392 2767 468 2858; x_wconf 89' lang='lat' dir='ltr'>ejus</span> <span class='ocrx_word' id='word_1_199' title='bbox 486 2765 623 2838; x_wconf 90' lang='lat' dir='ltr'>induci:</span> <span class='ocrx_word' id='word_1_200' title='bbox 658 2764 738 2856; x_wconf 86' lang='lat' dir='ltr'>quia</span> <span class='ocrx_word' id='word_1_201' title='bbox 756 2763 855 2838; x_wconf 84' lang='lat' dir='ltr'>Deua</span> <span class='ocrx_word' id='word_1_202' title='bbox 877 2766 1105 2838; x_wconf 87' lang='lat' dir='ltr'>autoritatem</span> <span class='ocrx_word' id='word_1_203' title='bbox 1126 2783 1219 2858; x_wconf 72' lang='lat' dir='ltr'>pra:</span> 
     </span>
    </p>

    <p class='ocr_par' dir='ltr' id='par_1_5' title="bbox 159 2862 1220 2957">
     <span class='ocr_line' id='line_1_28' title="bbox 159 2862 1220 2957; baseline 0.004 -19"><span class='ocrx_word' id='word_1_204' title='bbox 159 2863 228 2939; x_wconf 82' lang='lat' dir='ltr'>siet</span> <span class='ocrx_word' id='word_1_205' title='bbox 243 2862 452 2957; x_wconf 74' lang='lat' dir='ltr'>discipline,</span> <span class='ocrx_word' id='word_1_206' title='bbox 477 2885 551 2937; x_wconf 88' lang='lat' dir='ltr'>non</span> <span class='ocrx_word' id='word_1_207' title='bbox 564 2864 647 2936; x_wconf 86' lang='lat' dir='ltr'>Deo</span> <span class='ocrx_word' id='word_1_208' title='bbox 663 2863 861 2956; x_wconf 85' lang='lat' dir='ltr'>disciplina:</span> <span class='ocrx_word' id='word_1_209' title='bbox 886 2863 948 2938; x_wconf 85' lang='lat' dir='ltr'>nisr</span> <span class='ocrx_word' id='word_1_210' title='bbox 963 2865 987 2937; x_wconf 87' lang='lat' dir='ltr'>sr</span> <span class='ocrx_word' id='word_1_211' title='bbox 1001 2863 1220 2942; x_wconf 81' lang='lat' dir='ltr'>&amp;Marcion</span> 
     </span>
    </p>

    <p class='ocr_par' dir='ltr' id='par_1_6' title="bbox 157 2961 1219 3063">
     <span class='ocr_line' id='line_1_29' title="bbox 157 2961 1219 3063; baseline 0 -27"><span class='ocrx_word' id='word_1_212' title='bbox 157 2962 263 3059; x_wconf 86' lang='lat' dir='ltr'>piane</span> <span class='ocrx_word' id='word_1_213' title='bbox 280 2975 351 3037; x_wconf 86' lang='lat' dir='ltr'>tam</span> <span class='ocrx_word' id='word_1_214' title='bbox 366 2962 548 3058; x_wconf 88' lang='lat' dir='ltr'>perversas</span> <span class='ocrx_word' id='word_1_215' title='bbox 562 2983 636 3034; x_wconf 91' lang='lat' dir='ltr'>oon</span> <span class='ocrx_word' id='word_1_216' title='bbox 653 2982 717 3054; x_wconf 89' lang='lat' dir='ltr'>per</span> <span class='ocrx_word' id='word_1_217' title='bbox 732 2961 931 3063; x_wconf 84' lang='lat' dir='ltr'>magistrum</span> <span class='ocrx_word' id='word_1_218' title='bbox 942 2963 1060 3035; x_wconf 84' lang='lat' dir='ltr'>literae</span> <span class='ocrx_word' id='word_1_219' title='bbox 1076 2963 1219 3059; x_wconf 78' lang='lat' dir='ltr'>didicit,</span> 
     </span>
    </p>

    <p class='ocr_par' dir='ltr' id='par_1_7' title="bbox 146 3059 1220 3158">
     <span class='ocr_line' id='line_1_30' title="bbox 146 3059 1220 3158; baseline -0.002 -19"><span class='ocrx_word' id='word_1_220' title='bbox 146 3059 216 3140; x_wconf 68' lang='lat' dir='ltr'>‘sed</span> <span class='ocrx_word' id='word_1_221' title='bbox 233 3083 296 3158; x_wconf 93' lang='lat' dir='ltr'>per</span> <span class='ocrx_word' id='word_1_222' title='bbox 317 3063 435 3136; x_wconf 87' lang='lat' dir='ltr'>literas</span> <span class='ocrx_word' id='word_1_223' title='bbox 456 3060 665 3157; x_wconf 85' lang='lat' dir='ltr'>magistrum.</span> <span class='ocrx_word' id='word_1_224' title='bbox 717 3059 853 3136; x_wconf 78' lang='lat' dir='ltr'>Cetera</span> <span class='ocrx_word' id='word_1_225' title='bbox 872 3061 916 3134; x_wconf 89' lang='lat' dir='ltr'>de</span> <span class='ocrx_word' id='word_1_226' title='bbox 937 3061 1082 3134; x_wconf 88' lang='lat' dir='ltr'>sabbate</span> <span class='ocrx_word' id='word_1_227' title='bbox 1099 3063 1148 3136; x_wconf 87' lang='lat' dir='ltr'>ita</span> <span class='ocrx_word' id='word_1_228' title='bbox 1164 3063 1220 3137; x_wconf 67' lang='lat' dir='ltr'>di·</span> 
     </span>
    </p>

    <p class='ocr_par' dir='ltr' id='par_1_8' title="bbox 155 3157 1220 3260">
     <span class='ocr_line' id='line_1_31' title="bbox 155 3157 1220 3260; baseline 0.004 -26"><span class='ocrx_word' id='word_1_229' title='bbox 155 3165 249 3260; x_wconf 77' lang='lat' dir='ltr'>rigo.</span> <span class='ocrx_word' id='word_1_230' title='bbox 313 3161 350 3234; x_wconf 87' lang='lat' dir='ltr'>Si</span> <span class='ocrx_word' id='word_1_231' title='bbox 375 3160 554 3236; x_wconf 83' lang='lat' dir='ltr'>sabbatum</span> <span class='ocrx_word' id='word_1_232' title='bbox 572 3159 731 3236; x_wconf 51' lang='lat' dir='ltr'>¹Christus</span> <span class='ocrx_word' id='word_1_233' title='bbox 754 3159 988 3256; x_wconf 86' lang='lat' dir='ltr'>intervertit,</span> <span class='ocrx_word' id='word_1_234' title='bbox 1023 3157 1220 3238; x_wconf 89' lang='lat' dir='ltr'>secundum</span> 
     </span>
    </p>

    <p class='ocr_par' dir='ltr' id='par_1_9' title="bbox 158 3259 1219 3358">
     <span class='ocr_line' id='line_1_32' title="bbox 158 3259 1219 3358; baseline -0.002 -24"><span class='ocrx_word' id='word_1_235' title='bbox 158 3261 357 3358; x_wconf 82' lang='lat' dir='ltr'>exemplum</span> <span class='ocrx_word' id='word_1_236' title='bbox 373 3259 460 3333; x_wconf 89' lang='lat' dir='ltr'>fecit</span> <span class='ocrx_word' id='word_1_237' title='bbox 478 3263 660 3334; x_wconf 88' lang='lat' dir='ltr'>creatoris.</span> <span class='ocrx_word' id='word_1_238' title='bbox 710 3259 887 3351; x_wconf 88' lang='lat' dir='ltr'>Siquidem</span> <span class='ocrx_word' id='word_1_239' title='bbox 906 3259 942 3332; x_wconf 90' lang='lat' dir='ltr'>in</span> <span class='ocrx_word' id='word_1_240' title='bbox 962 3261 1147 3334; x_wconf 83' lang='lat' dir='ltr'>obsidione</span> <span class='ocrx_word' id='word_1_241' title='bbox 1167 3263 1219 3333; x_wconf 81' lang='lat' dir='ltr'>ci·</span> 
     </span>
    </p>

    <p class='ocr_par' dir='ltr' id='par_1_10' title="bbox 157 3358 1217 3452">
     <span class='ocr_line' id='line_1_33' title="bbox 157 3358 1217 3452; baseline -0.002 -18"><span class='ocrx_word' id='word_1_242' title='bbox 157 3361 279 3434; x_wconf 84' lang='lat' dir='ltr'>vitatis</span> <span class='ocrx_word' id='word_1_243' title='bbox 293 3360 535 3436; x_wconf 87' lang='lat' dir='ltr'>Hierichuntis</span> <span class='ocrx_word' id='word_1_244' title='bbox 558 3359 761 3434; x_wconf 82' lang='lat' dir='ltr'>circumlata</span> <span class='ocrx_word' id='word_1_245' title='bbox 781 3378 844 3452; x_wconf 85' lang='lat' dir='ltr'>per</span> <span class='ocrx_word' id='word_1_246' title='bbox 865 3379 986 3432; x_wconf 89' lang='lat' dir='ltr'>muros</span> <span class='ocrx_word' id='word_1_247' title='bbox 1011 3379 1091 3432; x_wconf 89' lang='lat' dir='ltr'>arca</span> <span class='ocrx_word' id='word_1_248' title='bbox 1110 3358 1217 3432; x_wconf 84' lang='lat' dir='ltr'>testa·</span> 
     </span>
    </p>
   </div>
   <div class='ocr_carea' id='block_1_3' title="bbox 28 3457 1215 3552">
    <p class='ocr_par' dir='ltr' id='par_1_11' title="bbox 28 3457 1215 3552">
     <span class='ocr_line' id='line_1_34' title="bbox 28 3457 1215 3552; baseline -0.003 -19"><span class='ocrx_word' id='word_1_249' title='bbox 28 3541 32 3552; x_wconf 53' lang='grc'><strong>,</strong></span> <span class='ocrx_word' id='word_1_250' title='bbox 156 3461 266 3534; x_wconf 86' lang='lat' dir='ltr'>menti</span> <span class='ocrx_word' id='word_1_251' title='bbox 280 3457 363 3532; x_wconf 72' lang='lat' dir='ltr'>odio</span> <span class='ocrx_word' id='word_1_252' title='bbox 381 3458 523 3549; x_wconf 86' lang='lat' dir='ltr'>diebus,</span> <span class='ocrx_word' id='word_1_253' title='bbox 551 3457 653 3534; x_wconf 85' lang='lat' dir='ltr'>etiam</span> <span class='ocrx_word' id='word_1_254' title='bbox 669 3457 834 3547; x_wconf 84' lang='lat' dir='ltr'>sabbato,</span> <span class='ocrx_word' id='word_1_255' title='bbox 862 3479 906 3529; x_wconf 83' lang='lat' dir='ltr'>ex</span> <span class='ocrx_word' id='word_1_256' title='bbox 918 3472 1098 3550; x_wconf 79' lang='lat' dir='ltr'>praecepto</span> <span class='ocrx_word' id='word_1_257' title='bbox 1115 3477 1215 3530; x_wconf 88' lang='lat' dir='ltr'>crea·</span> 
     </span>
    </p>
   </div>
   <div class='ocr_carea' id='block_1_4' title="bbox 137 3555 1283 3927">
    <p class='ocr_par' dir='ltr' id='par_1_12' title="bbox 137 3555 1283 3927">
     <span class='ocr_line' id='line_1_35' title="bbox 156 3555 1283 3652; baseline 0.001 -22"><span class='ocrx_word' id='word_1_258' title='bbox 156 3561 247 3630; x_wconf 88' lang='lat' dir='ltr'>toris</span> <span class='ocrx_word' id='word_1_259' title='bbox 267 3557 448 3632; x_wconf 88' lang='lat' dir='ltr'>sabbatum</span> <span class='ocrx_word' id='word_1_260' title='bbox 475 3557 686 3648; x_wconf 88' lang='lat' dir='ltr'>operatione</span> <span class='ocrx_word' id='word_1_261' title='bbox 704 3555 895 3647; x_wconf 86' lang='lat' dir='ltr'>destruxit,</span> <span class='ocrx_word' id='word_1_262' title='bbox 920 3569 961 3628; x_wconf 89' lang='lat' dir='ltr'>ut</span> <span class='ocrx_word' id='word_1_263' title='bbox 975 3568 1123 3650; x_wconf 86' lang='lat' dir='ltr'>putant,</span> <span class='ocrx_word' id='word_1_264' title='bbox 1152 3559 1229 3649; x_wconf 77' lang='lat' dir='ltr'>qui.</span> <span class='ocrx_word' id='word_1_265' title='bbox 1274 3573 1283 3652; x_wconf 60' lang='lat'><strong>4</strong></span> 
     </span>
     <span class='ocr_line' id='line_1_36' title="bbox 154 3653 1214 3751; baseline -0.008 -19"><span class='ocrx_word' id='word_1_266' title='bbox 154 3659 227 3732; x_wconf 90' lang='lat' dir='ltr'>hoc</span> <span class='ocrx_word' id='word_1_267' title='bbox 240 3658 273 3727; x_wconf 75' lang='grc' dir='ltr'>δι</span> <span class='ocrx_word' id='word_1_268' title='bbox 286 3657 329 3729; x_wconf 89' lang='lat' dir='ltr'>de</span> <span class='ocrx_word' id='word_1_269' title='bbox 342 3654 479 3730; x_wconf 87' lang='lat' dir='ltr'>Christo</span> <span class='ocrx_word' id='word_1_270' title='bbox 494 3653 722 3746; x_wconf 83' lang='lat' dir='ltr'>exsistimant,</span> <span class='ocrx_word' id='word_1_271' title='bbox 741 3655 968 3751; x_wconf 83' lang='lat' dir='ltr'>ignorantes,</span> <span class='ocrx_word' id='word_1_272' title='bbox 980 3675 1097 3747; x_wconf 86' lang='lat' dir='ltr'>neque</span> <span class='ocrx_word' id='word_1_273' title='bbox 1113 3655 1214 3728; x_wconf 66' lang='lat' dir='ltr'>Chri.</span> 
     </span>
     <span class='ocr_line' id='line_1_37' title="bbox 137 3752 1215 3927; baseline -0.003 -96"><span class='ocrx_word' id='word_1_274' title='bbox 137 3753 244 3838; x_wconf 66' lang='lat' dir='ltr'>itum</span> <span class='ocrx_word' id='word_1_275' title='bbox 260 3753 439 3828; x_wconf 88' lang='lat' dir='ltr'>sabbatum</span> <span class='ocrx_word' id='word_1_276' title='bbox 453 3752 678 3847; x_wconf 83' lang='lat' dir='ltr'>destruxisse,</span> <span class='ocrx_word' id='word_1_277' title='bbox 701 3775 818 3846; x_wconf 87' lang='lat' dir='ltr'>neque</span> <span class='ocrx_word' id='word_1_278' title='bbox 830 3768 1215 3927; x_wconf 69' lang='lat' dir='ltr'>creatorem,dutmort</span> 
     </span>
    </p>

    <p class='ocr_par' dir='ltr' id='par_1_13' title="bbox 704 3877 1162 3926">
     <span class='ocr_line' id='line_1_38' title="bbox 704 3877 1162 3926; baseline 0.002 -1"><span class='ocrx_word' id='word_1_279' title='bbox 704 3899 707 3908; x_wconf 82' lang='lat'><em>·</em></span> <span class='ocrx_word' id='word_1_280' title='bbox 1080 3877 1162 3926; x_wconf 88' lang='lat' dir='ltr'>oce·</span> 
     </span>
    </p>
   </div>
   <div class='ocr_carea' id='block_1_5' title="bbox 0 0 1304 4328">
    <p class='ocr_par' dir='ltr' id='par_1_14' title="bbox 0 0 1304 4328">
     <span class='ocr_line' id='line_1_39' title="bbox 0 0 1304 4328; baseline 0 3"><span class='ocrx_word' id='word_1_281' title='bbox 0 0 1304 4328; x_wconf 95' lang='lat' dir='ltr'> </span> 
     </span>
    </p>
   </div>
  </div>
 </body>
</html>
