2616 4336
343 213 758 309 *luminosae
809 223 990 310 erals‘
1060 241 1063 249 ’
1140 249 1208 325 157

1 389 2 394 ‘
74 470 84 496 ,
143 351 375 488 divinitatis,
399 375 424 466 s'a
448 389 634 486 majestatis
656 389 829 487 fastigium
851 387 1035 483 adiblarat,
1063 391 1108 464 de
1125 413 1212 466 con·

1 538 2 543 Ν
141 505 285 586 temptu
306 493 429 586 utique
449 491 662 583 censentur,
696 511 800 582 quam
818 511 945 562 eorum
961 493 1020 582 qui
1040 488 1212 583 ejusmodi
1295 502 1303 510 '

140 591 327 686 faffltant,
355 607 459 684 quarn
479 612 605 664 eorum
620 591 678 683 qui
692 592 743 664 ita
758 589 958 683 suscipiunt.
1007 591 1131 688 Quare
1149 612 1213 663 ne·

138 691 238 788 scio,
263 713 310 764 ne
330 693 410 786 plus
428 691 472 766 de
486 689 593 762 vobis
610 689 667 764 dei
689 688 798 780 vestri
816 695 921 782 quam
935 689 979 762 de
996 690 1102 762 nobis
1127 711 1211 782 que·

138 805 265 866 rantur
385 813 429 863 ex
454 791 520 862 alia
540 805 643 884 parte
665 789 878 882 adulamini,
903 789 1075 862 redimitis
1097 789 1123 867 sl
1142 810 1211 880 qua

140 889 367 984 delinquitis,
401 887 634 984 &postremo
658 890 744 962 licet
760 889 869 960 vobis
889 887 925 960 in
944 907 1115 982 eosquos
1141 887 1211 967 effe
1237 935 1239 943 ι

138 988 322 1064 voluistis:
347 1009 417 1062 nos
434 993 528 1062 vero
548 989 586 1060 in
605 1001 725 1062 toturn
744 986 964 1062 aversamur.'

216 1111 271 1164 11.
300 1089 382 1164 Nec
402 1101 541 1162 tantum
564 1087 603 1160 in
619 1088 692 1162 hoe
713 1086 860 1160 nomina
880 1087 931 1158 rei
947 1085 1092 1160 desertae
1111 1107 1208 1162 com-

1 1217 3 1232 ’
135 1191 256 1266 munis
279 1188 493 1286 religionis,
527 1183 587 1263 sed
604 1183 819 1280 superduuae
842 1184 1073 1263 monstruose
1090 1185 1208 1280 super·

136 1287 304 1369 stitionis.
354 1287 476 1380 Nam,
509 1301 551 1358 ut
575 1285 716 1378 quidam
736 1283 953 1379 somniastis,
987 1299 1095 1378 eaput
1112 1286 1208 1360 ainri-

1 1362 3 1436 ἶ
136 1409 227 1462 num
243 1385 312 1460 eise
333 1387 439 1462 deum
458 1385 640 1479 nolbmn,
666 1385 759 1466 hanc
776 1381 965 1458 Cornelius
982 1378 1130 1458 Tacitus
1142 1384 1207 1460 sus-

136 1487 322 1581 picionem
344 1485 444 1560 iecit.
511 1485 545 1560 ls
570 1485 665 1560 enirn
686 1485 724 1558 in
747 1497 870 1576 quarta
887 1483 1111 1560 historiarum
1133 1483 1208 1560 sua

1 1617 2 1626 ¹
136 1607 239 1680 rum,
263 1585 326 1662 ubi
345 1585 505 1660 debello
526 1581 678 1680 Judaico
694 1583 843 1680 digerit,
871 1585 916 1658 ab
934 1585 1072 1681 origine
1090 1588 1207 1682 gentis

139 1685 309 1778 exorsus,
336 1685 459 1758 &tam
474 1685 519 1758 de
537 1681 609 1776 ipsa
628 1683 766 1780 origine
791 1681 953 1776 quamde
967 1685 1207 1758 nominereli·

1 1785 3 1832 l
139 1785 258 1882 gionis
273 1797 315 1856 ut
326 1786 445 1858 voluit
459 1794 745 1881 argumentatus,
769 1781 912 1878 Judeeos
923 1781 1035 1856 refert
1050 1783 1089 1862 iu
1100 1805 1208 1878 expe·
1284 1829 1286 1836 ι

139 1885 278 1960 ditione
300 1881 407 1958 vastis
431 1886 467 1956 in
493 1883 584 1956 locis
605 1903 703 1976 aque
723 1883 849 1976 inopia
865 1885 1094 1973 laborantes3
1121 1904 1207 1960 ona·

136 1985 233 2082 gris,
261 1983 320 2076 qui
342 1983 387 2056 de
399 1983 501 2076 pastu
523 2000 648 2076 aquarn
669 1983 816 2078 petituri
837 1982 1122 2076 estimabantur,
1153 1983 1206 2058 ln-
1253 2043 1257 2053 .

1 2123 3 2202 ζ
137 2085 300 2177 dicibus,
327 2081 489 2158 fontibus
512 2081 594 2156 usos
613 2079 785 2176 evasrll'e,
819 2081 870 2156 ita
892 2083 942 2156 ob
964 2104 1040 2158 eam
1059 2083 1207 2179 gratiam

137 2183 328 2261 consmilis
344 2181 462 2258 bestia
475 2177 695 2277 superficiem
710 2204 730 2256 a
746 2181 879 2276 Judaeis·
890 2183 974 2258 coli
1024 2183 1113 2258 Inde
1129 2185 1206 2278 opi·

1 2307 2 2320 ¹
136 2303 210 2360 nor
226 2279 503 2377 presumptum,
537 2291 607 2354 nos
628 2303 771 2374 quoque
786 2295 829 2354 ut
850 2279 1003 2375 Judaicae
1022 2283 1207 2380 religionis

1 2427 2 2438 a
136 2385 366 2480 propinquos
387 2382 505 2458 eidem
525 2381 711 2466 simulacro
732 2381 873 2456 initiari
938 2379 1086 2456 Atenim
1111 2381 1206 2460 idem

1 2491 26 2544 ¹-
137 2481 330 2558 Cornelius
346 2477 520 2574 Tacitus,
546 2483 627 2555 sane
648 2482 709 2555 ille
730 2479 997 2554 mendaciorum
1012 2483 1206 2572 loquaciffi·

1 2615 2 2622 ¹
136 2600 240 2676 mus,
266 2574 400 2654 oblitus
413 2579 651 2654 affirmationis
667 2578 735 2656 suat
753 2579 789 2652 in
806 2579 1063 2673 posterioribus
1079 2579 1206 2678 refert,

135 2681 350 2774 PompeJum
373 2701 540 2777 magnum
561 2680 690 2775 Judaeis
711 2679 895 2754 debellatis
917 2679 1094 2774 captisque
1116 2681 1204 2756 Hie-

1 2791 3 2806 '
135 2779 328 2874 rosolymis
345 2781 517 2875 templum
536 2777 660 2872 adiss'e,
686 2780 719 2852 u
736 2775 992 2872 perscrutatum
1006 2780 1092 2854 nihil
1104 2781 1205 2859 sunu-

1 2931 2 2952 ,
134 2877 412 2974 lacrireperiile.
462 2879 537 2954 Ubi
557 2899 645 2976 ergo
664 2881 693 2954 is
714 2881 799 2954 deus
814 2879 954 2954 fueriti
984 2881 1109 2974 utique
1125 2881 1204 2958 nus-

1 3015 2 3024 κ
135 3001 243 3073 quam
259 2979 367 3076 magis
383 3001 487 3072 quam
502 2981 691 3073 intemplo
708 2994 779 3052 tam
794 2981 1035 3074 memorabili,
1064 2981 1204 3074 preser-

1 3113 3 3128 ·
136 3079 204 3154 tim
228 3079 393 3154 onmibus
418 3091 551 3172 preter·
569 3075 815 3154 sacerdotibus
839 3078 990 3172 clauso,
1025 3101 1098 3172 quo
1126 3103 1204 3156 non

1 3212 3 3238 r
135 3190 588 3254 uererenturextraneum.
638 3179 773 3271 Siquid
790 3199 858 3276 ego
877 3178 1085 3274 defendam,
1118 3201 1204 3275 pro-

134 3275 244 3354 fellus
266 3280 409 3352 interim
435 3277 689 3354 confeffionem
710 3279 952 3371 temporalem
979 3281 1138 3354 omnium
1164 3281 1203 3355 in

1 3413 3 3437 ι
135 3379 245 3452 vobis
261 3395 308 3462 ex
326 3379 402 3470 pari
420 3375 787 3452 transferendorrun‘l
813 3375 988 3452 Credatur
1013 3379 1114 3455 Deus
1136 3401 1202 3454 no
1230 3428 1234 3436 -

1 3503 2 3510 ¹
134 3477 234 3572 ster,
267 3476 396 3552 afinina
420 3473 535 3567 aliqua
555 3476 717 3570 persona.
781 3475 890 3572 Certe
921 3479 1096 3574 negabitis
1124 3501 1202 3556 ‘voe

1 3651 2 3658 a
136 3578 262 3652 eadem
278 3575 410 3652 habere
425 3575 635 3650 nobiscum?
659 3575 750 3650 Sane
771 3597 842 3651 vos
860 3589 966 3652 totos
983 3577 1096 3657 asinos
1113 3581 1201 3653 coli·

1 3681 2 3684 '
136 3677 184 3750 tis
200 3679 236 3750 di
249 3695 331 3750 etun
349 3674 407 3750 sua
425 3673 576 3768 Epona,
603 3677 775 3752 &omnia
785 3677 969 3775 iumenta,
997 3677 1201 3774 &pecora,

138 3777 174 3850 ἀ
189 3773 335 3868 bestias,
361 3796 439 3870 quae
451 3775 599 3870 perinde
615 3795 696 3849 cum
709 3775 775 3850 suis
787 3775 999 3870 praesepibus
1017 3775 1202 3876 consecra,

74 3935 79 3942 .
136 3875 202 3954 tiu
244 3873 297 3953 Et
313 3876 387 3983 hoe
405 3873 554 3960 forban
568 3875 704 3964 Clim'mi
718 3875 832 3974 detis,
857 3875 1065 3971 quadraret
1083 3881 1201 3954 culto·

1092 3997 1149 4057 res
