2616 4336
144 221 214 326 158
289 232 338 332 Q.
363 229 498 316 serr.
524 219 662 323 Fron.
687 225 1098 306 Taurunum(

93 425 96 434 *
140 417 199 472 res
225 393 384 471 omnium
405 405 544 464 tantum
570 385 704 464 aloarii
726 384 853 466 lirmus.
915 387 986 466 Sed
1013 388 1128 482 &qui
1145 411 1255 468 noa-

15 527 16 534 *
144 497 261 572 crucis
278 491 450 568 antistites
470 489 649 584 affirmat,
671 485 928 565 consecraneus
947 491 1018 564 'erit
1033 491 1165 566 noster.

222 615 276 669 12.
305 589 428 665 Crucis
451 591 629 683 qualitas,
661 589 795 686 signum
816 591 868 664 est
887 589 931 664 de
949 589 1075 688 ligno:
1111 591 1229 670 etiam

144 695 191 770 de
207 692 353 768 materia
368 691 487 764 colitis
501 710 611 784 penes
629 709 700 762 vos
720 707 801 764 cum
817 689 940 787 effigie.
994 693 1229 784 Quamquam

141 793 235 870 licut
250 793 405 865 vestrum
428 789 581 863 humana
595 782 708 885 figura
730 787 803 884 est,
838 792 888 864 ita
912 789 1119 864 &nostrum
1133 811 1227 885 pro·

143 895 244 1004 pria;
270 891 428 965 uiderint
444 909 542 962 nunc
556 889 779 982 liniamenta,
808 889 892 964 dum
908 905 979 964 una
993 890 1035 964 srt
1048 893 1224 982 quantam

144 993 281 1066 viderit
303 987 445 1083 forma,
473 989 556 1064 dum
579 985 688 1082 ipsum
711 987 754 1062 srt
769 988 843 1061 Dei
860 1008 1005 1084 corpur.
1058 992 1224 1092 Quodsi

41 1119 55 1130 ⁴
145 1093 290 1168 dehoc
318 1087 521 1164 differentia
546 1085 762 1182 intercedit,
789 1100 926 1182 quanto
951 1088 1175 1186 distinguitur
1202 1111 1227 1166 a

136 1195 262 1266 crucis
277 1189 393 1284 stipite
414 1185 525 1262 Pallas
542 1183 693 1281 Attica,
721 1185 756 1262 δι
781 1183 889 1262 Ceres
907 1187 1058 1281 Pharia,
1087 1207 1163 1282 quae
1179 1191 1224 1264 fi·

133 1281 193 1368 'ne
208 1291 325 1365 forma
340 1286 420 1360 rudi
438 1287 524 1381 palo
547 1283 676 1360 &solo
694 1279 859 1368 stadculo
877 1285 964 1385 ligni
985 1289 1149 1363 informis
1162 1307 1222 1368 re·

144 1389 379 1488 presentatur.
443 1385 527 1458 Pars
562 1387 707 1478 culcis,
743 1386 780 1458 a
809 1388 952 1480 quidem
984 1387 1124 1483 majus,
1166 1386 1222 1464 est

147 1511 257 1564 omne
279 1489 415 1580 robur,
442 1483 541 1580 quod
560 1483 605 1558 de
622 1484 717 1560 retia
737 1485 903 1564 statione·
917 1483 1092 1584 defigitur.
1147 1488 1221 1564 Sed

31 1594 39 1616 ⁸
145 1591 253 1664 nobis
268 1601 350 1660 tota
362 1605 452 1659 crux
466 1587 683 1680 imputatur,
705 1605 787 1660 cum
799 1599 980 1662 mrtemma
992 1585 1126 1662 scilicet
1143 1583 1220 1685 sua,

146 1690 183 1762 ἃ
197 1711 277 1762 cum
296 1687 360 1761 illo
380 1683 493 1760 sedilis
518 1683 671 1762 excessu.
721 1685 808 1760 Hoc
831 1689 972 1780 quidem
993 1709 1064 1761 vos
1083 1685 1219 1762 incula·

145 1791 320 1882 biliores,
350 1786 410 1878 qui
444 1787 608 1859 mutilum
642 1785 676 1858 dr
700 1797 867 1860 murreum
893 1787 1031 1860 dicastis
1062 1787 1217 1884 lignum,

147 1889 247 1980 quod
264 1887 321 1961 alii
341 1888 485 1980 plenum
501 1886 535 1957 dc
550 1883 718 1958 {numam
734 1885 1046 1962 consecraverunt.
1060 1891 1066 1910 ’
1097 1887 1218 1962 Enim·

48 2011 57 2066 r
147 2009 241 2060 uero
253 1989 296 2060 de
311 1987 453 2078 reliquo
464 1987 602 2080 integra
612 1983 798 2082 estreligio
808 1987 1073 2083 vobisintegrae
1085 1991 1217 2084 crucis,

145 2088 236 2164 srcut
251 2085 445 2172 ostendam.
473 2083 649 2186 Ignoratis
668 2099 786 2161 autem
802 2086 909 2160 etiam
925 2088 1100 2184 originem
1118 2087 1217 2164 istam

147 2187 223 2260 deis
239 2184 364 2258 vestris
391 2185 435 2258 de
451 2182 518 2256 isto
531 2182 706 2278 ‘patibulo
728 2185 943 2279 provenisse.
992 2185 1090 2260 Nam
1109 2205 1217 2262 omne

48 2343 51 2350 -
82 2345 85 2361 .
143 2287 390 2378 stmulacrum,
421 2284 482 2358 seu
498 2284 628 2380 lign0,
660 2278 721 2358 seu
741 2285 858 2378 lapide
881 2283 1120 2380 desculpitur,
1155 2287 1218 2362 seu

147 2407 230 2460 aere
246 2383 476 2478 defunditur,
503 2379 562 2458 seu
577 2403 787 2477 quacunque
809 2387 875 2458 alia
887 2385 1129 2480 locupletiore
1145 2405 1217 2460 ma·

145 2486 240 2558 teria
261 2485 502 2580 producitur,
537 2483 690 2577 plastica
710 2503 832 2558 manus
851 2483 1056 2578 praecedant
1076 2486 1216 2562 necesse

147 2585 219 2674 est3
245 2583 356 2679 plasta
373 2595 492 2659 autem
510 2584 643 2680 lignum
660 2584 774 2656 crucis
787 2585 825 2658 in
837 2584 954 2678 primo
968 2585 1110 2680 statuit,
1126 2607 1216 2680 quo·

146 2688 242 2758 niam
255 2685 316 2778 ipsr
338 2705 484 2777 quoque
503 2685 652 2776 corpori
669 2681 795 2757 nostro
809 2685 917 2758 tacita
934 2680 1114 2759 &secreta
1124 2689 1217 2762 linea

148 2783 265 2856 crucis
283 2783 366 2857 srtus
380 2783 441 2860 est.
494 2780 608 2878 Quod
626 2795 735 2877 caput
752 2784 907 2878 emicat,
934 2785 1033 2878 quod
1053 2783 1149 2879 spina
1166 2787 1218 2858 di·

146 2885 296 2980 rigitur,
323 2883 421 2976 quod
443 2883 678 2957 humerorum
703 2883 998 2978 obliquatio
1030 2885 1069 2960 Si
1089 2885 1216 2960 [laurea

79 2981 90 2996 '
147 2985 196 3058 ris
218 2983 402 3058 hominem
421 2982 582 3056 manibus
603 2982 782 3078 expansu,
816 2984 1003 3082 imaginem
1029 2987 1143 3058 crucis
1166 2985 1216 3062 se·

148 3085 253 3160 ceris.
304 3083 401 3156 Huic
413 3081 520 3178 igitur
537 3083 715 3178 exordio,
740 3081 777 3156 da
792 3085 896 3158 velut
910 3083 1037 3160 stanam
1050 3088 1085 3159 in
1098 3087 1216 3180 argilla

148 3180 301 3276 desuper
316 3181 456 3256 intexta
471 3183 639 3275 paulatim
661 3185 820 3258 membra
840 3183 1010 3280 complet.
1068 3183 1117 3260 Et
1136 3207 1217 3258 cor«

147 3305 216 3377 pus
235 3281 357 3375 stmit,
385 3281 589 3358 &habitum
607 3301 716 3376 quem
731 3283 867 3377 placuit
883 3287 1012 3382 argillae
1026 3287 1122 3360 intus
1138 3307 1213 3358 cru·

149 3383 183 3458 ci
202 3382 349 3480 ingerit:
374 3382 459 3455 iude
479 3385 613 3456 circino
633 3381 858 3478 &plumbeis
871 3385 1026 3459 modulis
1044 3405 1213 3479 praepara-

148 3483 204 3554 tio
229 3481 403 3556 simulacri
427 3483 465 3555 in
490 3503 673 3578 marmor,
708 3481 745 3555 in
779 3483 919 3580 lutum,
948 3489 1009 3559 vel
1037 3507 1121 3578 aes„
1154 3483 1214 3557 uel

49 3595 51 3602 ’
149 3580 393 3674 quodcunque
423 3577 561 3676 placuit
588 3581 695 3656 deum
715 3577 820 3678 fieri,
854 3583 1127 3681 transmigratur.
1177 3583 1213 3656 Α

149 3701 259 3754 cruce
278 3681 421 3778 argssla3
450 3683 494 3753 ab
516 3681 635 3779 argilla
654 3681 779 3766 Deum
804 3683 1073 3776 quodammodo
1095 3683 1213 3756 tranlt

148 3799 239 3853 crux
254 3781 293 3852 in
313 3781 419 3854 deum
433 3801 499 3874 per
518 3783 684 3878 argillam.
737 3781 890 3858 Crucem
907 3783 1014 3880 igitur
1033 3780 1211 3856 consecra·

147 3878 218 3978 tis,
245 3899 266 3954 a
284 3896 357 3976 qua
374 3879 542 3978 incipitur
561 3879 805 3962 conscmatuc.
850 3879 1021 3982 Exempli
1031 3880 1167 4060 grgipm
1163 3883 1214 3958 aa.
