2612 4328
167 173 239 250 332
353 151 401 248 Q.
426 139 555 224 Sese.
582 145 717 224 Fron.
741 143 1100 226 Taarunarrnr'

69 331 72 338 ·
166 325 309 392 rereta
325 323 466 403 morte,
492 309 552 404 qui
562 303 640 386 non
658 311 821 386 devinxit
843 309 1086 388 admonent
1119 312 1256 390 devin-

166 413 405 506 silletensis,
430 411 455 488 il
477 434 497 484 a
508 412 708 506 primordio
724 411 926 488 damnasset
962 413 999 486 si
1015 415 1256 511 regeneratio

167 519 221 596 est
244 515 422 608 hominis,
464 512 653 606 quomodo
676 525 884 610 regenerat,
911 513 971 606 qui
992 535 1069 586 non
1097 533 1256 609 genera·

33 669 37 679 -
166 617 254 694 viti
280 613 431 692 Iteratio
450 614 545 688 enim
557 633 635 689 non
658 613 835 706 competit
850 615 903 708 ei,
930 635 1045 708 aquo
1066 615 1153 706 quid
1176 635 1255 688 nec

166 719 275 796 semel
292 713 424 790 sedtum
448 712 510 790 est
570 713 608 786 Si
631 711 841 788 consecutio
867 713 917 790 est
943 711 1083 807 spiritus
1113 711 1254 810 santii,

166 816 356 914 quomodo
377 812 537 908 spiritum
554 813 753 910 attribuet,
780 814 842 906 qni
864 813 1014 888 animam
1039 834 1117 887 non
1145 815 1253 907 prius

166 914 357 995 contulit?
395 915 478 1008 quia
500 911 691 988 mffettma
719 912 770 988 est
798 913 1068 1006 quodammodo
1100 911 1269 1008 spiritus·

167 1021 294 1096 mima.
356 1014 480 1113 Signat
506 1013 615 1110 igitur
643 1015 848 1106 hominem,
886 1033 1069 1107 nunquam
1092 1013 1191 1108 apud
1216 1012 1255 1088 se

164 1120 401 1217 resignatum:
426 1114 526 1188 lavat
548 1113 754 1206 hominem,
780 1133 962 1206 nunquam
980 1113 1073 1208 apud
1089 1111 1126 1188 se
1146 1115 1253 1188 coin·

166 1221 372 1314 quinatum:
392 1215 478 1290 &in
495 1215 568 1288 hoc
583 1229 705 1288 totum
720 1213 838 1288 salutis
857 1213 1144 1305 sacramentum,
1171 1233 1252 1286 car·

166 1340 251 1396 nem
273 1317 401 1414 mergit
431 1312 608 1389 exsortem
637 1311 787 1389 salutis?
828 1313 912 1390 Nec
937 1313 1088 1388 rusticus
1110 1329 1251 1388 terram

162 1414 786 1610 dedittdggggggrug
794 1413 1250 1588 dimidians

164 1621 240 1694 five
260 1616 435 1715 gloriam,
460 1567 694 1690 infirmilfimie
719 1626 781 1688 aut
801 1613 1038 1709 indignilllma
1060 1615 1159 1686 carni
1181 1614 1249 1688 im·

164 1719 273 1814 ponit
291 1711 520 1790 sorditatem.
568 1713 668 1887 Quid
689 1714 806 1788 dicam
831 1729 951 1790 autem
980 1713 1025 1787 de
1052 1713 1250 1811 discipline

166 1819 349 1912 vanitate,
376 1837 446 1907 qua
469 1811 573 1890 sandi
602 1827 662 1888 cat
687 1811 913 1888 substantiam
937 1811 1115 1890 santiam?
1144 1813 1249 1914 Quid

79 1968 83 1989 ,
165 1933 285 1994 autem
303 1929 433 1990 onerat
445 1907 633 2005 infirmam,
660 1927 723 1985 aut
740 1925 895 1988 exornat
909 1911 1116 2012 indignam?
1142 1913 1248 2010 Quid

161 2037 242 2093 non
267 2014 377 2090 salute
401 2025 632 2106 remunerat,
667 2033 772 2105 quam
810 2026 940 2088 onerat
964 2015 1027 2088 vel
1051 2011 1244 2087 exornati

79 2093 89 2114 ⁹
165 2115 266 2234 Quid
285 2111 426 2188 fraudat
447 2109 651 2204 mercedem
668 2113 811 2207 operis,
840 2133 917 2186 non
939 2113 1141 2208 rependens
1166 2133 1246 2185 car·

163 2239 203 2292 nr
222 2211 400 2388 salutpm?
440 2212 587 2316 Quid&
602 2213 783 2290 honorem
805 2209 996 2288 snnffitatis
1011 2216 1049 2287 in
1071 2213 1134 2296 illa
1145 2214 1243 2288 mori

163 2318 299 2414 patitur
777 2345 783 2360 1

162 2412 1089 2611 insistentes
1104 2431 1241 2589 re

159 2631 229 2706 τις
269 2617 364 2709 quast
394 2635 472 2690 non
506 2618 613 2690 etiam
648 2614 862 2712 spadonibus
897 2636 943 2688 ex
977 2613 1111 2710 nuptiis
1142 2631 1239 2691 nata.

161 2715 248 2792 Sine
281 2715 392 2790 dubio
426 2737 472 2790 ex
501 2715 732 2791 damnatione
765 2715 924 2812 coniugii
968 2713 1148 2788 institutio
1176 2713 1241 2789 illa

162 2813 351 2890 constabit.
414 2813 642 2910 Videamus,
678 2837 722 2889 an
737 2813 855 2908 justa,
886 2833 963 2888 non
987 2814 1081 2906 quali
1105 2813 1243 2888 destru-

162 2915 253 2990 diuri
274 2913 484 2990 felicitatem
504 2911 720 3007 sanititatis,
745 2928 788 2988 ut
810 2913 915 3007 aliqui
941 2913 1111 2987 Mensam
1135 2911 1240 2990 affer-

34 3027 36 3036 ’
160 3021 263 3091 tores
292 3015 447 3091 libidinis
466 3015 582 3106 'atque
607 3015 780 3108 luxurie,
823 3015 884 3088 sed
906 3015 966 3106 qui
993 3013 1238 3112 sanititatem,

22 3155 24 3166 ι
159 3115 235 3191 stne
267 3116 472 3213 nuptiarum
505 3114 733 3190 damnatione
775 3115 1013 3208 noverimus,
1060 3116 1102 3189 dt-
1129 3114 1238 3190 sedle-

157 3235 260 3309 mur,
295 3213 607 3308 &praeferamUS,
640 3235 717 3288 non
732 3227 775 3286 ut
796 3216 892 3288 malo
911 3217 1072 3308 bonum,
1105 3213 1168 3290 sed
1195 3229 1238 3288 ut

158 3318 263 3390 bono
284 3315 432 3409 melius,
457 3315 650 3391 nonenim
673 3315 905 3408 projicimus,
939 3311 1003 3388 sed
1020 3315 1235 3410 deponimus

157 3417 323 3512 nuptias:
360 3435 431 3488 nec
457 3412 744 3508 praescribimus,
778 3411 839 3486 sed
865 3411 1049 3488 suademus
1075 3411 1236 3489 sanitita-

157 3529 256 3608 tem,
294 3515 503 3606 servantes‚
542 3513 755 3606 tithonum,
793 3511 975 3588 &melius
1002 3535 1071 3608 pro
1092 3515 1235 3590 viribus

158 3615 331 3706 cujusque
356 3611 543 3712 sediand03
577 3625 667 3686 tunc
691 3611 845 3706 denique
874 3615 1082 3710 conjugium
1107 3629 1237 3689 exerte

155 3711 419 3806 defendentes,
459 3733 541 3786 cum
561 3711 708 3808 ‘inimice
737 3712 919 3788 accusatur
957 3709 1134 3806 spurcitiae
1167 3737 1237 3789 no-

156 3811 252 3928 nine
275 3810 314 3890 in
332 3810 607 3894 defunctionem
629 3811 824 3914 creatoris,
852 3813 910 3908 qui
932 3813 1089 3912 proinde
1105 3815 1237 3931 conju-

336 3962 341 3971 ·
1086 3935 1184 4012 grum
