2582 4322
166 105 244 262 {58-
310 129 371 266 ¹Q.
396 161 531 240 Str-tri
555 159 693 239 Fron.
717 161 1081 242 Terruerunt

160 327 235 426 jam
254 323 462 398 destinatum
481 323 628 397 exitium
644 318 840 420 it'rniditis,
866 323 900 398 dr
915 325 1063 424 largiens
1079 324 1235 424 spatium

165 425 253 498 vitre
270 421 434 498 Ezechiae
457 421 668 516 lachrymis,
703 421 948 499 &restituens
976 423 1100 502 statum
1126 431 1234 524 regni

162 521 359 616 Babylonis
374 535 531 614 tyranno
545 522 754 616 poenitentia
764 521 900 601 functo.
951 523 1051 598 Illam
1067 525 1152 600 dico
1167 528 1234 601 mi·

162 617 514 712 terrendamque
538 619 571 696 &
592 617 704 695 filiurn
720 619 835 698 Saulis
862 625 1076 698 moriturum
1100 647 1147 698 ex
1171 626 1233 699 de·

161 721 320 796 'votione
347 721 485 813 populo
522 719 690 798 conceffit
713 722 758 794 dr
790 721 913 794 David
946 720 1072 800 delleta
1094 721 1133 796 in
1166 723 1233 798 do.-

162 839 258 897 mum
286 819 385 892 Uriae
410 813 602 921 confellurn
631 822 737 902 venia
763 816 956 894 liberavit:
991 821 1025 894 dr
1048 821 1160 916 ipsum
1184 821 1232 897 Il'·

108 979 113 992 .
162 919 238 994 rael
253 919 363 991 toties
376 917 548 1010 restituit,
575 919 715 1011 quoties
727 919 921 1011 judicavit:
947 919 1058 994 toties
1074 921 1232 1016 reforio

72 1083 76 1094 .
163 1020 305 1112 quoties
321 1017 356 1089 &1
368 1018 556 1110 increpuit.
609 1017 700 1092 Non
714 1016 828 1092 solum
844 1019 951 1115 igitur
967 1021 1122 1112 judicem
1145 1017 1233 1116 espi-

162 1117 260 1192 'ciens
292 1131 509 1191 convertere
540 1118 576 1190 dt
607 1118 650 1190 ad
682 1119 808 1211 optimi
843 1119 1030 1214 exempla,
1071 1131 1230 1214 notans,

114 1249 116 1256 v
161 1214 462 1310 cum-ulciscitur,
489 1215 673 1290 confidere
689 1238 770 1292 cum
789 1217 969 1315 indulget3
994 1215 1154 1311 repende
1169 1239 1230 1292 ctr-

160 1313 319 1399 steritati·
332 1315 530 1389 lenitatem:
555 1335 635 1389 cum
647 1325 836 1408 utrumque
851 1319 1067 1392 conveneris
1078 1317 1115 1391 in
1131 1337 1230 1391 crec-

161 1425 265 1508 τοτε,
293 1413 455 1490 invenies
472 1417 509 1488 in
528 1433 575 1488 eo
593 1411 752 1508 titud,
787 1411 938 1510 propter
954 1417 1052 1508 quod
1076 1417 1230 1490 alterum

159 1511 281 1588 Deum
296 1511 421 1588 credis.
452 1513 551 1588 Veni
565 1511 717 1606 denique
733 1513 774 1588 ad
792 1511 1082 1608 inspectationem
1097 1515 1230 1588 dodri-

158 1630 306 1704 narum,
325 1609 604 1705 disciplinarum,
623 1628 907 1708 preceptomnn
926 1611 1228 1706 consiliorumque

163 1709 251 1806 ejm.
279 1709 389 1786 Dices
398 1707 565 1806 forfittn,
578 1713 655 1786 hrcc
666 1713 772 1788 etiam
781 1713 941 1798 humanis
956 1711 1090 1810 legibus
1107 1713 1228 1786 deter»

158 1810 298 1888 cinari.
323 1809 394 1883 Sed
407 1821 489 1884 ante
505 1811 692 1906 Lycurgos
709 1811 907 1886 &solonas
921 1827 1060 1905 omnes,
1074 1809 1228 1905 Moyses

160 1907 197 1981 ἃ
213 1905 327 1982 Deus.
378 1907 488 1982 Nulla
504 1909 691 2004 posteritas
712 1928 787 1982 non
812 1933 832 1982 a
855 1910 1055 2006 primordiis
1080 1911 1226 2006 accipit.

157 2003 300 2081 Tamen
313 2024 387 2080 non
404 2017 503 2080 atuo
518 2007 604 2080 Deo
616 2007 742 2082 didicit
757 2023 898 2082 creator
910 2028 1009 2084 meus
1025 2007 1227 2102 praescribe

93 2165 96 2174 ,
157 2123 217 2179 re:
239 2103 329 2179 Non
342 2105 502 2198 occides,
518 2125 594 2180 non
615 2105 841 2202 adulterabis,
858 2107 1227 2200 noniurabe'ris‚non

157 2201 282 2282 falsum
304 2204 544 2281 testimonium
560 2205 677 2298 dices,
701 2205 852 2282 alienum
871 2227 948 2279 non
970 2205 1225 2302 concupisces;

158 2301 303 2378 honora
320 2315 458 2400 patrem
475 2305 691 2397 emacem,
713 2303 879 2401 &diliges
891 2307 1092 2398 proximum
1101 2307 1225 2400 proxi·

157 2423 255 2480 mum
267 2417 368 2478 tuum
381 2417 424 2476 nt
436 2403 593 2498 teipsum.
620 2402 681 2477 Ad
696 2403 1009 2495 haecinnocentiae,
1029 2405 1224 2498 pudicitior,

160 2501 197 2575 dr
213 2503 378 2596 justitie,
396 2503 430 2576 tc
446 2503 615 2596 pietatis,
639 2503 846 2596 principalia
864 2503 1023 2578 consulta
1045 2501 1226 2577 accedunt
1263 2495 1273 2526 '

159 2603 268 2674 etiam
282 2603 511 2675 humanitatis
523 2601 737 2696 prescripta,
752 2623 831 2674 cum
842 2601 991 2694 septimo
1002 2623 1147 2694 quoque
1162 2623 1226 2676 en⁴

156 2715 210 2774 no
226 2695 371 2772 servitia
392 2702 558 2774 libertate
571 2700 784 2810 solvuntur:
810 2723 890 2773 cum
909 2701 1036 2775 eodem
1056 2713 1226 2794 ternpore

158 2805 246 2892 egro
264 2797 444 2892 parcitur,
464 2799 583 2896 egenis
600 2799 762 2874 cedendo
773 2801 912 2878 locum:
935 2799 1028 2873 bovi
1048 2801 1155 2874 etiem
1167 2815 1227 2872 te.

119 2918 123 2932 ·
155 2893 253 2968 renti
267 2898 409 2970 vincula
426 2899 500 2970 oris
513 2899 745 2972 remittuntur
757 2899 801 2971 ad
815 2897 965 2977 fructum
981 2895 1159 2992 praesenms
1172 2901 1224 2972 lr-

156 2988 278 3082 boris3
299 2998 371 3088 quo
390 2997 526 3072 facilius
545 2998 582 3070 in
598 2997 794 3092 pecudibus
807 2999 1047 3090 praemeditata
1064 2997 1224 3074 humani·

158 3102 214 3168 tas
228 3093 266 3168 in
289 3095 472 3169 hominum
487 3093 669 3192 refrigeria
687 3097 897 3171 erudiretur.
1211 3117 1216 3126 ·

235 3201 290 3272 18.
317 3191 388 3270 Sed
412 3215 488 3290 quae
507 3197 629 3289 potius
647 3195 680 3268 le
703 3195 733 3268 ir
761 3196 859 3270 bona
882 3194 1090 3286 defendam,
1116 3215 1224 3288 qnam

157 3311 235 3385 que
268 3285 405 3366 haeresrs
440 3292 652 3389 concupiitl
681 3217 741 3367 gUt
773 3295 916 3367 talionis
951 3291 1221 3394 definitionem,

62 3399 65 3405 ’
131 3393 304 3466 ¹oculum
322 3411 389 3485 pro
411 3396 549 3487 oculo,
585 3393 729 3466 dentem
750 3411 818 3484 pro
843 3393 971 3484 dente,
1004 3391 1039 3466 dr
1063 3395 1223 3474 livorem

155 3509 225 3589 pro
245 3491 363 3564 livore
380 3493 586 3582 repetentis.
636 3489 725 3572 Non
746 3491 838 3568 enim
853 3493 989 3583 injtuioe
1004 3505 1131 3566 munio
1159 3513 1223 3565 em

156 3591 318 3661 ercendae
339 3591 514 3664 licentiam
528 3588 630 3686 sapit,
656 3581 717 3662 led
731 3589 767 3662 in
782 3604 901 3664 toturn
917 3591 1124 3665 cohibendae
1138 3591 1221 3665 vio-

156 3685 277 3757 lentim
292 3689 478 3786 prospicit.
503 3701 546 3761 ut
562 3688 643 3782 quin
659 3689 834 3764 durilfimo
849 3687 1028 3764 &infideli
1045 3692 1082 3764 in
1097 3691 1221 3766 Deum

156 3789 296 3878 populo
321 3787 469 3884 longum
490 3789 552 3863 vel
578 3789 686 3864 etiam
712 3787 921 3865 incredibile
949 3787 1162 3966 videretssn
1197 3811 1221 3864 a

1120 3913 1169 3965 ¹eo
