2616 4336
14 197 16 208 ‘
125 192 196 297 14'2
273 175 1046 338 Q.Srrr.olton.Tsnnuntrnur
1131 302 1136 311 Ι

123 365 197 442 dit:
231 363 384 456 denique
398 359 568 436 Socrates
585 383 630 436 ex
648 373 802 457 cupane
820 361 1004 438 damnatus
1023 361 1087 460 est,
1111 365 1214 460 quia

124 465 273 562 propius
285 471 493 539 tentaverat
505 466 721 558 veritatem‚'
742 463 846 538 Deos
865 463 1006 540 vestros
1017 463 1212 540 destruen-

124 565 197 639 do:
235 578 445 658 quamquam
468 564 629 638 nondtun
652 577 741 636 tunc
758 564 916 640 interris
939 585 1072 640 nomen
1095 565 1209 640 Chri·

14 663 16 686 ‘
122 665 294 763 manum,
327 679 447 757 tamen
469 666 602 738 veritas
627 661 763 758 semper
788 663 1042 755 damnabatur3
1076 669 1210 762 itaque

123 764 160 840 o
178 762 371 862 'sapientem
386 783 463 838 non
478 765 673 862 negabitis,
708 765 766 838 cui
780 767 887 839 etiam
905 757 1055 858 Pytlnius
1077 767 1207 842 vester

52 897 54 910 ἱ
122 865 365 940 testimonium
391 865 540 940 dixerat.
612 865 807 958 Virorum,
850 865 992 962 inquit,
1035 867 1206 944 omnium

121 967 292 1042 Socrates
309 963 583 1060 sapientissimus.
635 965 739 1038 Vicit
750 963 960 1060 Apollinem
973 970 1129 1062 veritas,
1153 985 1206 1042 ut

122 1065 196 1164 ipse
219 1063 385 1140 adversus
404 1063 439 1139 se
454 1065 723 1160 pronuntiaret:
751 1063 929 1140 confessus
952 1067 1004 1144 est
1019 1070 1135 1161 enim,
1160 1067 1204 1144 se

122 1165 245 1244 Deum
259 1187 337 1240 non
354 1163 443 1259 esse,
470 1164 529 1239 sed
543 1187 624 1240 eum
638 1185 786 1257 quoque
806 1164 1086 1260 sapientissimum
1108 1165 1205 1241 affir-

122 1287 237 1360 mans,
263 1267 323 1360 qui
338 1265 442 1339 Deos
462 1266 658 1340 abnuebat:
684 1283 798 1358 porro
814 1267 908 1359 apud
928 1287 999 1342 vos
1018 1289 1064 1341 eo
1079 1269 1203 1342 minus

122 1367 274 1460 sapiens,
301 1358 501 1458 quia‘Deos
522 1365 699 1442 abnuens:
726 1385 808 1437 cum
825 1366 909 1439 ideo
928 1367 1087 1464 sapiens,
1115 1369 1207 1463 quia·

122 1467 227 1544 Deos
251 1467 421 1542 abnuens.
473 1468 561 1557 Quo
583 1485 686 1539 more
701 1466 811 1539 etiam
826 1467 933 1540 nobis
948 1465 1091 1563 soletis,
1129 1471 1202 1543 bo·

122 1581 204 1641 nus
223 1567 280 1641 vir
309 1562 441 1640 Lucius
472 1563 617 1660 Titius,
660 1577 801 1638 tanturm
833 1567 933 1659 quod
962 1566 1200 1648 Christianus.

121 1669 209 1742 item
234 1667 342 1760 alius,
375 1663 456 1764 Ego
481 1667 593 1740 miror
618 1664 741 1760 Cajum
764 1661 883 1759 Sejum
903 1685 1050 1762 gravem
1076 1669 1200 1745 virum

122 1764 254 1842 fastum
278 1760 527 1842 Christianum.
576 1764 649 1838 Pro
683 1765 840 1838 stultitiae
864 1769 1024 1841 caecitate
1049 1769 1201 1842 laudant

59 1881 61 1894 ·
124 1887 203 1955 quae
236 1866 374 1960 sciunt,
414 1868 624 1960 vituperant
649 1887 726 1958 quae
754 1860 940 1958 nesciunt,
976 1867 1072 1940 &id
1096 1869 1200 1960 quod

122 1963 238 2039 sciunt
248 1988 295 2038 eo
309 1965 407 2058 quod
425 1963 588 2040 nesciunt
600 1963 739 2040 vitiant.
789 1961 937 2039 Nemini
952 1963 1133 2062 subvenit,
1147 1991 1198 2044 ne

121 2065 339 2139 ideobonus
351 2066 428 2158 quis
444 2063 658 2160 &prudens
678 2065 760 2158 quia
773 2063 1008 2140 Christianus:
1035 2079 1096 2140 ant
1109 2069 1214 2142 ideo’

123 2163 361 2258 Christianus,
400 2164 482 2258 quia
507 2163 663 2260 prudens
685 2163 871 2240 &bonust
913 2187 995 2240 cum
1011 2167 1055 2241 sit
1073 2165 1197 2242 huma·

123 2267 203 2340 nius
232 2265 376 2340 occulta
402 2263 593 2340 mamsestis
625 2261 847 2360 adjudicare,
887 2287 991 2358 quam
1013 2267 1198 2345 manifesta

123 2365 170 2441 de
190 2367 341 2457 occulto
358 2362 616 2460 prejudicare?
642 2362 797 2458 Aliquos
816 2379 917 2439 retro
937 2379 1021 2440 ante
1040 2367 1113 2442 hoc
1127 2389 1197 2442 no·

85 2555 91 2567 ,
122 2489 207 2542 men
223 2487 363 2562 vagos,
392 2467 501 2558 viles,
528 2463 715 2558 improbos
735 2478 886 2546 norant:
912 2466 1122 2540 emendatos
1139 2487 1198 2542 re·

121 2583 233 2662 pente
244 2571 438 2654 mirantum
466 2563 633 2638 &tamen
647 2565 766 2638 mirari
784 2583 888 2657 quam
903 2563 1033 2658 assequi
1045 2577 1195 2645 norunt.

121 2665 199 2740 Alii
216 2679 317 2739 tanta
335 2664 576 2740 obstinatione
595 2679 759 2760 certant,
787 2679 831 2738 ut
848 2685 930 2740 cum
948 2665 1015 2740 suis
1034 2669 1196 2744 utilitati·

121 2767 190 2841 bus
216 2764 442 2860 depugnent,
479 2785 564 2856 quas
599 2765 644 2837 de
677 2765 897 2840 commercio
918 2763 1016 2841 istius
1038 2769 1195 2845 nominis

123 2887 253 2963 capere
278 2861 441 2958 possunt:
476 2864 549 2938 scio
574 2865 758 2957 maritum,
797 2879 908 2938 unum
933 2877 1041 2959 atque
1065 2867 1206 2965 alium,-

122 2968 268 3041 annium
282 2978 384 3037 retro
404 2963 448 3038 de
468 2964 593 3036 ttxoris
611 2961 677 3036 suae
701 2963 892 3058 moribus,
926 2965 986 3060 qui
1005 2987 1052 3040 ne
1073 2987 1193 3042 mures

122 3066 267 3160 quidem
276 3069 313 3138 in
329 3063 534 3139 cubiculum
543 3065 747 3156 inrepentes
758 3063 830 3136 fine
843 3065 977 3160 gemitu
986 3061 1192 3162 suspicionis

121 3165 324 3242 sustinebat.
377 3179 565 3260 comperta
580 3159 695 3236 caussa
713 3183 823 3236 novae
840 3161 1034 3238 sedulitatis
1054 3168 1208 3242 inufita·'

25 3290 28 3298 ·
121 3263 435 3361 receptissimus,
471 3283 614 3338 omnem
638 3261 746 3336 uxori
769 3264 978 3358 patientiam
1003 3266 1191 3364 obmisso,

120 3365 261 3465 negasse
292 3358 522 3458 zelotypum,
555 3359 711 3438 maluisse
742 3363 835 3457 lupe
860 3385 965 3456 quam
990 3360 1195 3442 Christiane

120 3470 297 3544 marinrm.
323 3463 385 3558 ipfi
404 3461 500 3538 suam
512 3461 615 3536 licuit
634 3461 672 3535 in
694 3461 902 3556 perversum
925 3463 1106 3541 demutare
1132 3489 1193 3542 na·

121 3580 239 3642 turam
257 3563 397 3641 mulieri
413 3583 489 3641 non
503 3561 660 3656 permisit
675 3562 712 3634 in
729 3563 856 3638 melius
877 3563 1079 3642 reformari.
1129 3565 1191 3642 Pt-
1209 3591 1210 3600 ¹

121 3680 179 3740 ter
198 3663 312 3741 filium
331 3663 375 3740 dc
396 3681 470 3756 quo
496 3657 783 3756 quadrienna,
817 3663 1064 3741 exheredavit.
1112 3664 1192 3742 Do·

119 3765 238 3842 tainus
256 3759 426 3858 servum,
453 3781 558 3854 quem
577 3775 750 3855 praterea
762 3762 1001 3840 necessarium
1019 3759 1191 3863 senserat,

120 3863 161 3944 in
177 3861 389 3968 erpuinum
405 3861 515 3940 dedit.
564 3859 676 3942 Simul
691 3863 770 3958 quis
787 3863 1006 3943 inteflexerit
1029 3862 1190 3942 Christia-

140 4029 142 4038 Α
687 3986 692 4001 ·
1028 3983 1175 4062 num,-
