2612 4328
15 237 17 360 p
206 191 1144 296 aoorrsusMrncronrerr,1.309

15 387 17 428 ι
75 381 157 438 rore
173 351 288 434 carnis
309 357 562 450 exhiberetur,
589 355 782 450 &quidem
802 357 962 450 maiore,
990 355 1149 453 truse„

18 483 22 502 ·
74 463 164 538 Nam
181 463 255 536 hoc
276 459 442 553 turpius,
470 457 495 532 ss
518 457 739 531 &mentitus
754 453 804 530 est
819 455 1046 530 substantiam
1062 477 1151 530 com·
1274 469 1284 478 “

71 563 191 660 poris,
218 561 275 651 qui
300 560 335 632 dt
351 555 577 638 maledictum
591 557 628 632 in
651 555 686 630 se
713 559 888 631 creatoris
912 557 1070 648 admisit,
1100 558 1143 628 li-

21 674 24 683 “
72 683 141 760 gno
162 657 354 753 suspensus.
403 661 553 759 Quanto
574 655 758 730 honestius
775 676 841 750 per
854 658 969 748 aliqua
985 657 1141 750 propria
1171 709 1176 724 .

74 759 268 838 molitionis
284 758 415 832 indicia
437 756 684 853 cognitionem
701 755 751 830 sui
771 755 1044 850 praestruxisset,
1068 779 1141 832 ma·

73 865 163 942 xime
181 856 348 934 adversus
371 879 451 930 eum
474 854 818 952 cognominaberis,
850 857 944 948 apud
968 877 1076 950 quern
1093 879 1141 932 ert
1199 885 1208 910 ⁴

72 961 238 1056 operibus
256 957 303 1032 ab
319 957 424 1032 initio
447 957 615 1053 cognitus
630 977 707 1030 non
730 967 817 1030 erat.
867 955 963 1028 Nam
982 955 1016 1028 dt
1035 960 1141 1049 quase

71 1059 141 1154 est,
167 1075 210 1133 ut
235 1069 378 1131 creator
405 1057 546 1150 quidem
571 1053 740 1154 ignorans
760 1053 829 1128 esse
855 1057 961 1132 alium
983 1052 1140 1149 superse

68 1157 210 1253 Deum,
245 1169 287 1229 ut
308 1159 442 1230 volunt
467 1155 720 1248 Marcionitae,
756 1157 816 1248 qui
842 1153 956 1228 solum
974 1153 1010 1228 se
1033 1157 1149 1232 etiam

64 1261 188 1356 jurans
216 1254 459 1350 asseverabat,
491 1257 600 1332 tantis
623 1257 793 1350 operibus
814 1255 989 1352 noticiam
1015 1253 1065 1327 sui
1087 1276 1151 1328 an.
1181 1274 1190 1293 ·
1245 1257 1253 1280 ”

64 1359 241 1450 moverit,
270 1378 373 1448 quarn
398 1371 570 1452 potuerat
590 1377 666 1430 non
691 1357 743 1428 ita
763 1353 920 1448 curasse,
944 1352 1141 1430 secundum

63 1457 310 1556 singularitatis
341 1455 408 1534 suae
442 1455 757 1550 praesumtionem
795 1456 854 1528 isle
883 1468 1003 1532 autem
1035 1457 1139 1530 subli-

64 1559 183 1651 nior,
210 1557 321 1632 sciens
344 1555 552 1630 inferiorem
571 1555 692 1629 Deum
715 1571 787 1628 tarn
806 1552 1036 1648 instrusium,
1061 1557 1140 1634 nus·

64 1658 135 1735 sarn
159 1657 222 1730 s1bi
246 1653 472 1750 prospexerit
501 1653 729 1750 agnoscendo
754 1667 964 1746 paraturam.
1018 1657 1142 1755 Qtran·

65 1755 115 1832 do
133 1757 241 1830 etiam
254 1755 445 1852 insigniora
461 1753 496 1826 &
511 1751 718 1850 superbiora
736 1775 847 1846 opera
862 1751 1036 1826 debuisset
1053 1775 1140 1828 con-

64 1853 207 1948 didisse,
234 1868 276 1928 ut
296 1853 445 1928 &Deus
469 1875 514 1928 ex
529 1854 700 1947 operibus
716 1851 997 1950 cognosceretur
1016 1851 1139 1930 secun·

64 1955 149 2034 daun
170 1969 398 2054 creatprem‚
423 1969 466 2028 ot
481 1973 525 2028 ex
543 1953 810 2029 honestioribus
827 1955 953 2050 potior
973 1953 1008 2031 dt
1030 1975 1140 2052 gene*

62 2058 180 2132 robor
198 2057 384 2130 creatore!
665 2131 666 2136 p

140 2177 197 2232 ra.
227 2153 406 2228 Caeterum
427 2153 510 2229 defi
537 2153 605 2229 esse
632 2175 713 2230 eum
739 2152 917 2248 possemus
944 2152 1136 2248 confiteri,
1197 2222 1201 2232 .

60 2255 136 2332 fine
161 2251 276 2328 caussa
300 2251 370 2351 esse
403 2275 485 2328 eum
516 2255 725 2330 deberemus
752 2257 1001 2348 argumentari.
1053 2254 1137 2330 Sine
1170 2275 1186 2307 ¹·

63 2352 403 2446 caussa'enimesset,
431 2355 490 2446 qui
505 2374 581 2431 rem
601 2374 679 2428 non
691 2354 860 2450 haberet,
886 2356 969 2446 quia
984 2374 1042 2425 res
1060 2375 1138 2428 om·
1176 2422 1179 2430 .

59 2456 116 2531 nio
130 2453 247 2530 caussa
265 2452 336 2546 est,
362 2465 405 2524 ut
423 2451 630 2544 strasoldo,
656 2454 756 2544 cu'prr
771 2474 828 2527 res
850 2453 903 2527 fit.
929 2453 1072 2546 Porro,
1098 2453 1139 2526 in

61 2567 234 2648 quantum
248 2554 336 2626 nihil
353 2566 505 2648 oportet
518 2551 588 2626 esse
602 2553 674 2626 sine
695 2551 828 2646 caussa,
853 2551 958 2626 idest
977 2552 1051 2624 fine
1073 2571 1136 2646 re,

61 2655 190 2746 quiasr
218 2651 290 2730 fine
316 2649 431 2726 caussa
450 2652 514 2744 stt,
546 2653 696 2750 perinde
720 2649 773 2724 est
795 2652 947 2744 atquesr
973 2673 1049 2726 non
1073 2651 1134 2747 fit,
1175 2699 1179 2713 ·

57 2775 137 2834 oon
159 2755 295 2827 habens
316 2752 370 2826 rei
390 2749 541 2826 caussam
568 2773 625 2827 res
655 2750 747 2846 ipsa:
783 2751 986 2827 intantum
1013 2751 1137 2826 Deum

58 2855 200 2950 dignius
223 2851 364 2926 credam
384 2871 461 2925 non
479 2849 574 2952 esse,v
598 2873 703 2946 quam
726 2849 795 2926 esse
816 2849 1033 2944 sinocaussa.
1084 2852 1136 2924 Si·
1246 2885 1248 2892 =

57 2975 106 3028 ne
125 2949 241 3025 caussa
259 2951 309 3025 est
334 2953 451 3043 enirn,
479 2953 636 3044 quirem
654 2973 732 3026 non
755 2952 946 3045 habendo,
972 2971 1051 3026 non
1073 2951 1134 3028 be-

56 3053 124 3126 bet
141 3048 302 3126 caussam.
353 3051 457 3124 Deus
480 3067 599 3126 autem
615 3051 688 3126 fine
710 3049 845 3144 caussa,
869 3051 906 3124 id
925 3050 976 3126 est
990 3051 1062 3126 sine
1076 3069 1132 3144 re,
1253 3093 1259 3106 .

57 3149 224 3226 essenon
239 3149 356 3226 debet
393 3150 448 3223 Ita
465 3153 614 3243 quotieo
625 3151 798 3244 ostendo,
826 3171 907 3224 eum
929 3152 1001 3226 sure
1019 3148 1135 3224 caussa

59 3249 128 3324 esse
164 3265 332 3342 tanquam
361 3249 426 3342 sit,
465 3249 539 3324 hoo
572 3251 775 3344 constimo,
806 3272 883 3324 non
915 3249 984 3324 esse
1009 3251 1132 3323 illum:
1214 3309 1216 3314 ,

58 3353 140 3444 quia
165 3349 190 3422 si
217 3348 355 3446 suisset,
393 3351 543 3422 omnino
560 3349 633 3424 sine
659 3349 775 3424 caussa
799 3371 875 3424 non
892 3349 1020 3425 fuisset.
1071 3347 1133 3421 Sic

56 3451 91 3522 dt
108 3449 217 3546 ipsam
234 3447 342 3523 fidem
363 3449 448 3522 dico
469 3451 569 3526 illum
589 3449 661 3524 sane
681 3447 795 3526 caussa
817 3451 862 3524 ab
880 3451 1028 3528 homine
1048 3468 1131 3542 cap·

55 3561 160 3643 tare,
186 3551 287 3622 aliter
306 3547 415 3622 solito
432 3547 553 3624 Deum
567 3551 734 3642 credere,
768 3571 813 3624 ex
828 3571 978 3642 operum
997 3549 1131 3622 autori·

54 3663 132 3722 tate
152 3647 370 3740 formatum,
398 3648 480 3739 quia
504 3649 593 3722 nihil
616 3650 689 3724 tale
708 3645 910 3746 prospexit,
945 3667 1009 3743 per
1030 3648 1132 3741 quod

52 3747 169 3824 bomo
192 3747 312 3824 Deum
332 3747 464 3824 didicit.
514 3745 611 3822 Nam
633 3749 711 3824 &sa
740 3749 892 3822 credunt
910 3749 1072 3846 plerique
1090 3751 1129 3824 in

49 3847 174 3946 stom,
213 3867 292 3926 non
321 3845 436 3939 statim
468 3848 618 4020 ῐπίοηῧ
638 3849 814 3944 credunt,
848 3865 926 3926 non
955 3849 1131 4021 balberteus
1202 3937 1213 3948 ·

644 3965 664 4044 3
830 3987 832 3994 ·
1045 3968 1078 4020 er

127 4016 275 4064 ,θ’
