2582 4322
163 151 233 244 578
297 143 348 242 Q
374 139 513 220 sur.
537 137 682 230 Fron,
708 137 1075 221 Tturuutraur

77 368 80 376 ,
131 311 135 333 ·
159 305 304 384 ratione
320 303 434 378 ennii
456 302 529 378 Dei
543 303 576 381 dr
589 303 703 378 emuli
714 301 865 394 Chffl,
890 317 979 389 eree
996 299 1033 378 dr
1051 301 1124 398 ipse
1140 299 1232 399 pr'o

159 408 255 504 priua
275 401 520 498 dispositiones
537 401 799 498 superduceret
852 397 1028 480 Ceterum
1047 405 1233 497 perricen-

114 535 120 544 ·
157 506 211 578 ria
227 515 340 578 rente
361 503 541 596 patientie
560 501 668 596 fecit,
702 503 801 598 quod
817 523 892 578 non
913 504 951 576 in
975 500 1084 580 finem
1103 523 1232 582 rerum

157 603 334 678 creatoris
366 599 661 695 perseveraverit.
724 603 829 678 Vane
855 599 1017 680 sustinuit
1040 603 1231 696 predicari

91 777 93 784 ,
158 701 337 778 Christum
358 703 453 796 ejus,
481 723 585 794 quem
599 699 677 776 nori
695 699 853 778 fidiinrdt
871 701 1040 778 exhiberi.
1089 701 1172 778 Aut
1188 706 1230 780 sr-

155 819 208 878 ue
227 799 540 880 caussainteecidit
556 803 731 896 temporis
750 803 853 876 alieni
875 801 1079 896 decursum,
1107 815 1172 876 eut
1189 803 1228 880 sr-

157 925 207 978 ne
222 900 336 976 ceasia
349 894 421 976 'tum
435 902 494 976 diu
506 923 582 976 non
597 897 805 976 intercidit'
826 902 923 1000 Quid
936 903 1033 975 illum
1048 901 1226 994 detinuit,

158 1003 293 1094 quidve
306 1001 492 1076 turbavit?
517 1001 656 1094 Atquin
670 1001 1116 1092 inutrumquecommisit,
1144 1001 1229 1094 post

158 1115 360 1176 creatorem
376 1102 516 1194 quidem
531 1113 603 1176 tam
615 1099 715 1179 tarde
728 1103 923 1193 revelatus,
949 1111 1033 1176 ante
1045 1099 1228 1178 ¹Christum

156 1223 253 1275 vero
276 1203 353 1294 ejus
374 1215 446 1274 tem
471 1221 637 1294 propere.
680 1193 853 1273 ‘Asterum
874 1219 967 1274 vero
990 1201 1062 1292 jam
1088 1200 1226 1274 dudum

158 1301 332 1377 debuerat
349 1298 559 1390 traduxisse,
585 1302 740 1374 'alterum
756 1299 935 1374 nondum:
969 1321 1015 1372 ne
1036 1300 1134 1374 illurn
1151 1301 1226 1392 qui-

157 1402 239 1476 dem
259 1414 332 1473 tam
345 1400 412 1472 diu
427 1397 631 1475 sevientem
648 1397 854 1472 sustinuisse:
879 1397 981 1472 isium
999 1419 1091 1472 vero
1108 1399 1227 1474 adhuc

157 1497 398 1590 quiescentem
413 1495 631 1592 inquietasse,
648 1497 744 1572 cirea
753 1499 877 1572 ambos
893 1497 1059 1572 excidens
1071 1500 1115 1572 ab
1130 1499 1227 1591 opti-

145 1602 205 1672 *mi
225 1599 299 1672 Dei
322 1598 457 1672 titulo:
483 1612 580 1674 certe
598 1599 716 1672 varius
737 1594 859 1690 &ipsc
882 1597 1107 1690 uincente,
1131 1599 1224 1692 tepi-

153 1699 224 1772 dus
242 1697 379 1772 scilicet
393 1699 431 1772 in
449 1715 671 1791 creatorem,
697 1698 731 1771 dr
748 1697 879 1772 calidus
898 1697 936 1770 in
961 1695 1161 1788 ceruum.
1189 1697 1231 1774 ὰ

156 1817 273 1872 vanus
289 1799 494 1892 utrobique.
544 1795 635 1872 Non
652 1799 760 1894 magis
779 1798 873 1872 enim
890 1793 1108 1890 compescuit
1126 1797 1224 1872 cren·

154 1911 297 1989 torem,
324 1917 427 1988 quam
460 1895 597 1972 obstitit
626 1895 777 1972 Christo.
826 1895 955 1970 Manet
987 1893 1021 1968 dr
1051 1913 1223 1991 creator,

155 1995 268 2087 qualis
284 1996 433 2069 omnino
447 1996 514 2072 est:
541 1997 665 2069 veniet
679 1995 712 2068 dt
726 1993 903 2088 Christus,
929 1995 1041 2087 qtulis
1055 1995 1089 2068 dt
1103 1993 1222 2070 scribi·

143 2106 227 2172 tur.
285 2095 383 2192 Quid
406 2097 509 2168 venit
534 2095 616 2190 post
640 2107 863 2188 creatorem,
904 2117 1008 2187 quem
1033 2096 1224 2172 emendare

154 2215 233 2268 nen
250 2193 394 2268 veluit?
428 2197 525 2295 Quid
544 2207 625 2268 ante
653 2193 827 2271 Christum
847 2197 921 2286 ejus
941 2195 1122 2268 revelatus
1147 2193 1222 2289 est,

155 2314 262 2386 quem
280 2311 458 2374 revocare
470 2315 546 2370 non
560 2291 748 2388 potuerit?
775 2290 852 2366 Aut
867 2293 893 2368 sr
906 2295 1109 2376 emendavit
1126 2314 1222 2368 crea

156 2407 302 2488 torem,
327 2391 408 2489 post
427 2395 525 2470 ilium
540 2395 722 2468 revelatus
741 2392 817 2480 este
841 2403 883 2466 ut
904 2391 1122 2471 expendenda
1134 2415 1222 2486 pre-

155 2494 350 2568 cederent:
377 2515 464 2592 ergo
485 2493 519 2568 u
541 2493 716 2568 Christum
730 2495 813 2586 ‘eiua
834 2513 934 2586 aeque
953 2493 1222 2590 emendaturus,

216 2711 261 2763 or
407 2717 424 2766 e
593 2712 777 2768 creone
876 2715 887 2762 1
1047 2716 1058 2766 ι
1142 2713 1219 2768 re

153 2789 237 2886 post
248 2790 346 2866 illrum
362 2747 480 2866 rursus
495 2793 683 2886 adveniet,
708 2807 751 2865 ut
766 2791 881 2886 primo
899 2791 1039 2884 quidem
1056 2713 1218 2864 adverlstu

155 2890 366 2985 processerit
384 2889 549 2965 adversus
573 2905 795 2984 creatorem,
829 2892 944 2986 legem
967 2889 1217 2984 &prophetas

22 3023 33 3036 a
81 3083 84 3089 Ι
152 2989 337 3064 destruens
354 2993 445 3084 ejus:
471 2989 627 3065 secundo
642 2987 920 3086 veroprpccdtt
933 2987 1098 3064 adversus
1115 2987 1217 3062 Chri·

26 3093 30 3108 ‘
151 3087 269 3183 stum,
301 3111 447 3186 regnum
466 3093 680 3188 redarguent
701 3093 787 3184 ejus.
837 3087 944 3162 Tune
960 3109 1046 3186 ergo
1068 3091 1215 3164 conclu·

28 3263 30 3268 ,
153 3185 253 3262 silru‘u
269 3189 431 3264 ordinem
446 3189 565 3286 suum,
589 3205 676 3264 tunc
691 3191 715 3264 sr
731 3190 828 3265 sorte
848 3189 1042 3262 credendus
1057 3187 1129 3264 est:
1154 3201 1217 3262 aut

50 3336 58 3349 .
150 3287 179 3362 sr
192 3291 262 3382 jam
275 3291 360 3362 hine
373 3291 529 3382 perfetta
546 3313 603 3366 res
620 3293 670 3364 est
691 3291 765 3382 eJ'us
779 3340 804 3384 ‚,
818 3309 911 3362 vane
931 3309 1018 3384 ergo
1035 3301 1212 3362 ventumst

151 3385 222 3484 est,
247 3389 334 3462 nihil
350 3389 484 3464 seilicet
507 3389 744 3484 pertituros..
894 3414 896 3420 ’

226 3511 260 3577 5.
287 3489 352 3562 His
369 3491 606 3583 praeluserim,
632 3489 723 3580 quast
746 3487 790 3562 de
807 3487 916 3582 gradu
940 3489 1057 3580 primo
1076 3486 1234 3580 adhuc,

151 3586 187 3658 dr
203 3587 295 3678 quest
313 3591 356 3662 de
377 3591 587 3685 longinquo.
639 3583 709 3662 Sed
727 3587 763 3660 dr
776 3587 941 3680 hincjam
962 3587 1006 3660 ad
1025 3603 1161 3660 certum
1176 3585 1213 3662 dt

113 3701 117 3710 ·
150 3688 310 3758 cominus
329 3689 572 3778 dimicaturus,
597 3688 708 3762 video
726 3689 858 3779 aliquas
873 3685 980 3758 etiam
992 3707 1088 3760 minc
1100 3688 1211 3758 lineae

151 3785 424 3883 preducendas,
449 3789 493 3864 ad
517 3809 602 3882 quas
627 3787 979 3882 mediterraneum,
1003 3784 1213 3877 adscnptu

198 3937 200 3944 .
553 3930 559 3934 ·
624 3951 629 3973 ,Ι
680 3896 725 3954 ..⁴⁷2
1104 3905 1161 3962 HS
