2582 4322
161 133 231 220 200
315 115 363 216 QZ
388 113 523 189 Suae.
546 109 685 188 From
709 107 1069 188 Tnnrunararsr

159 277 284 369 statui,
302 275 337 352 'sr
353 272 573 348 omnimodo
588 285 691 346 natus
712 266 809 344 credi
822 271 999 362 habebat,
1026 268 1085 361 qui
1102 266 1230 357 homo

158 372 370 466 videbatur,
397 391 490 446 vane
503 372 699 446 nativitatis
719 368 825 444 fidem
842 371 991 444 cortilio
1010 369 1227 464 imaginarie

161 477 276 556 onmis
308 473 574 568 expungendam
606 471 759 566 putavit.
810 467 908 568 Quid
937 467 1031 545 enirn
1054 467 1225 562 profuit,

161 595 238 650 non
256 593 343 648 vere
361 571 482 660 mirso,
507 569 604 664 quod
622 590 690 662 pro
709 589 801 642 vero
820 570 1031 659 haberetur,
1056 581 1130 656 tam
1146 587 1225 641 car-

160 693 369 764 nem-quam
393 669 647 746 nativitatem?
682 667 795 744 Arrtsr
815 665 965 760 dixeris,
990 666 1126 740 viderit
1144 669 1224 761 opi·

160 772 224 851 nio
243 773 404 846 humana.
454 769 530 864 Jam
546 769 664 844 Deum
682 781 783 844 tuum
794 769 952 844 honoras
967 765 1114 840 fallacie
1133 767 1224 840 titu-
1268 809 1270 814 ,

161 873 225 963 lo,
250 867 383 944 sraliud
399 869 434 946 se
450 866 582 943 sciebat
597 865 686 960 effe,
713 865 925 960 quarn-quod
945 866 1107 941 homines
1126 865 1224 942 fece-

159 985 222 1051 rat
240 971 387 1066 opinari.
438 969 515 1063 Janr
531 981 618 1040 tunc
632 965 778 1059 potuisti
798 969 901 1042 etiam
917 965 1144 1040 nativitatem
1160 987 1226 1060 pu-

146 1072 312 1150 'mtivam
328 1070 377 1140 iili
396 1064 698 1155 accommodasse,
724 1087 771 1140 ne
790 1066 827 1141 in
843 1065 934 1140 hanc
953 1083 1096 1158 quoque
1113 1065 1225 1162 impe·

161 1165 262 1266 giffar
281 1167 517 1260 questionem.
566 1164 713 1239 Nam&
735 1165 947 1242 muliercule
965 1183 1225 1258 nonnunquam

161 1279 381 1365 praegnantes
402 1265 464 1338 fibi
481 1265 670 1356 videntur,
696 1276 756 1338 aut
778 1261 948 1358 sanguinis
972 1263 1134 1355 tributo,
1163 1277 1226 1336 aut

162 1367 278 1456 mque
296 1363 501 1441 valetudine
523 1363 664 1438 inflate.
713 1361 903 1456 Erotique
925 1361 1096 1438 debuerat
1111 1365 1226 1460 phan-

162 1461 467 1547 tustnati'sscenam
483 1459 738 1554 dedecorasse,
763 1484 810 1536 ne
825 1463 998 1556 originem
1012 1461 1127 1538 cernis
1145 1483 1226 1538 non

162 1559 383 1654 desaltasset,
419 1563 479 1654 qui
510 1559 695 1656 personam
728 1560 920 1636 substantie
949 1559 1053 1654 ipsius
1089 1561 1227 1658 egrme

161 1661 272 1740 Plane
297 1663 494 1738 nativitatis
522 1661 742 1736 mendacium
767 1660 949 1736 recusasti:
991 1657 1097 1752 ipsam
1126 1663 1228 1738 enirn

163 1785 305 1839 carnem
334 1763 458 1836 veram
490 1761 634 1842 edidisti.
684 1759 928 1856 Turpiffimum
960 1756 1093 1834 scilicet
1122 1758 1228 1854 Dei,

163 1861 270 1942 mam
289 1879 375 1934 vere
389 1861 568 1938 nativitas.
619 1858 697 1957 Age
709 1861 802 1952 jam,
826 1879 953 1954 perora
965 1859 1002 1932 in
1018 1858 1227 1934 illasanffls·

161 1959 245 2038 tima
262 1959 297 2036 dv
312 1959 516 2040 reverende
535 1979 647 2054 opera
665 1971 820 2051 nature,
854 1959 1027 2034 invehere
1043 1959 1080 2041 in
1101 1971 1231 2038 totum

163 2057 262 2154 quod
278 2080 341 2151 es,-
367 2057 481 2132 carnis
500 2071 606 2152 atque
625 2057 746 2132 anirnae
766 2058 940 2154 originem
960 2056 1120 2147 destrue3
1149 2062 1229 2134 clo·

161 2176 262 2236 acam
275 2177 371 2230 voca
385 2168 526 2232 uterum
541 2157 632 2232 tanti
648 2157 826 2250 errimulis,
851 2156 953 2232 idest
970 2155 1122 2237 hominis
1138 2179 1229 2254 pro·

161 2257 316 2333 ducendi
334 2253 531 2349 officinam,
556 2255 764 2354 persequere
780 2257 946 2350 &partus
962 2253 1164 2352 immunda,
1189 2258 1230 2334 oe
1269 2283 1270 2328 v

161 2356 329 2454 pudende
347 2368 547 2447 tormenta,
573 2354 608 2430 dt
629 2355 755 2430 exinde
772 2355 949 2450 puerperii
966 2353 1136 2450 spurcos,
1164 2379 1228 2432 an-

162 2457 269 2548 xios,
294 2455 450 2529 ludicros
466 2456 592 2530 exitus.
642 2454 799 2546 Temen,
837 2476 915 2530 cunr
940 2456 1057 2530 omnia
1078 2453 1144 2531 ista
1163 2457 1226 2530 de·

162 2552 351 2645 murem,
378 2567 419 2626 ut
433 2554 518 2626 Deo
534 2554 638 2650 digna
652 2551 854 2647 confirmes,
879 2575 954 2628 non
964 2555 1031 2628 erit
1041 2554 1229 2650 indignior

162 2663 283 2726 morte
296 2653 484 2738 nativitas,
501 2654 652 2728 &cruce
666 2653 833 2743 infantia,
855 2652 1027 2728 &natura
1043 2675 1171 2748 poena,
1189 2657 1228 2730 dt

163 2769 271 2826 earne
289 2751 479 2827 damnatio.
530 2751 566 2826 si
580 2773 667 2828 vere
684 2751 748 2826 iste
763 2751 875 2846 passus
893 2751 943 2826 est
958 2751 1132 2846 cimus,
1160 2755 1230 2828 mi-

162 2869 230 2925 nus
242 2847 472 2926 fuiffetnasc't
493 2850 535 2948 'si
548 2853 733 2926 mendacio
749 2849 860 2945 passus
874 2850 936 2940 est,
954 2865 996 2924 ut
1004 2851 1228 2948 phantafina,

162 2949 640 3044 pottdtdtmendacionasci.
684 2949 824 3024 Summa
836 2951 899 3024 ista
910 2949 1107 3026 Marcionis
1121 2973 1229 3049 argu·

162 3061 307 3140 menta,
333 3069 397 3142 per
416 3069 492 3142 quae
509 3049 612 3124 aliurn
631 3047 739 3126 efficit
758 3048 955 3142 Christum,
987 3047 1067 3126 satis
1085 3051 1229 3144 opinor

165 3143 404 3241 ostendimus,
438 3169 515 3222 non
540 3150 727 3226 consistere
749 3151 920 3237 omnino;
948 3149 1030 3224 dum
1049 3149 1233 3226 docemus

163 3247 274 3341 magis
292 3248 414 3341 utique
432 3262 638 3342 competere
655 3247 739 3322 Deo
760 3249 973 3338 veritatem,
999 3270 1101 3340 quam
1121 3273 1230 3328 rnen·

164 3343 304 3422 dacium
322 3350 396 3440 ejus
412 3348 573 3440 sabine,
598 3350 635 3422 in
655 3367 728 3438 quo
748 3347 911 3424 christum
929 3345 1027 3426 suum
1043 3349 1228 3430 exhibuit.

165 3436 204 3516 sn·
230 3445 364 3521 veritas
385 3445 473 3537 filit,
511 3467 597 3520 caro
614 3447 705 3522 fuit:
740 3445 764 3520 sr
792 3447 993 3539 carosam,
1028 3461 1134 3522 natus
1161 3451 1228 3530 est.

162 3538 219 3616 Ea
242 3545 335 3620 enim
359 3563 436 3638 que
457 3559 637 3640 expugnat
654 3547 730 3620 dec
751 3547 909 3640 heresis,
944 3543 1230 3642 confirmamur,

164 3655 246 3714 eum
260 3661 321 3736 ea,
344 3661 408 3736 per
426 3663 502 3734 quae
517 3659 718 3740 expugnat,
744 3645 985 3734 demuntur„
1028 3647 1185 3742 ltaque,
1203 3651 1231 3726 ss

164 3753 312 3812 earnem
336 3743 546 3846 indebitae,
581 3745 662 3839 quia
684 3757 816 3845 natus,
851 3742 1014 3825 &natus
1038 3746 1119 3842 quia
1151 3769 1231 3826 car·

198 3877 202 3890 ·
1061 3867 1182 3927 neus:
