2616 4336
633 47 771 106 .r'·

34 355 35 358 g
152 343 153 348 a
179 281 249 382 με
345 242 399 374 Q.
424 267 554 350 Sars.
578 229 1107 348 Fxoxs'srxruatrxrtr·

33 413 48 502 l

171 453 240 510 xtra
262 431 332 508 elle
347 453 423 508 non
439 431 608 527 poteris?
633 432 743 526 Haec,
770 451 839 506 oro
857 453 950 526 vos,
977 431 1191 506 denunciata
1207 433 1259 508 ab

173 533 249 607 aliis
267 532 438 608 sustinent
452 530 588 626 prodii
619 529 813 608 Diuersum
830 553 934 626 opus.
986 528 1077 604 Non
1096 530 1146 605 est
1161 529 1263 607 scire

170 628 275 708 illos:
301 634 397 726 prius
427 631 574 706 fallaciae
597 633 784 727 negotium
804 644 1059 726 perpetratur,
1094 632 1260 727 ignaris,

145 747 153 783 ¹
174 733 209 806 dt
227 733 355 826 dapes,
382 731 566 824 &nuptia
582 731 825 825 subjiciuntur.
864 729 964 804 Nihil
987 731 1083 806 enim
1094 752 1262 822 unquam

171 847 275 904 retro
314 831 358 904 de
378 827 595 926 ,Christianis
641 827 815 924 mysteriis
852 830 1049 906 audierunt.
1109 827 1259 904 Tamen

172 934 299 1025 postea
324 929 546 1026 cognoscant
563 903 702 1004 nscesle
719 929 770 1004 est
784 931 848 1002 vel
869 931 943 1002 aliis
964 949 1056 1020 quos
1074 921 1260 1003 inducunt

173 1029 486 1123 praeministranda.
539 1029 717 1109 Caeterum
733 1051 837 1122 quam
856 1047 988 1101 vanum
1002 1027 1053 1101 est
1071 1027 1256 1126 profanos

169 1125 258 1204 scire
275 1129 374 1222 quod
386 1125 520 1204 nesciat
534 1128 725 1202 sacerdos?
750 1123 893 1202 Tacent
901 1129 1030 1224 igitur,
1049 1125 1255 1222 &accepto

169 1228 315 1322 serunt,
346 1227 381 1301 u
404 1230 493 1301 nihil
518 1228 695 1326 tragoediae
720 1225 911 1321 Thyesta,
947 1228 1007 1300 vel
1046 1225 1254 1320 Oedipodis

171 1341 393 1422 erumpunt,
430 1327 560 1402 &non
584 1326 801 1421 protrahunt
817 1328 861 1405 ad
888 1327 1090 1421 populum,
1117 1325 1188 1400 lide
1209 1331 1253 1403 iu

167 1426 379 1521 ministros,
416 1425 633 1523 &magistris
654 1481 667 1520 ,
693 1425 729 1500 dt
753 1425 798 1498 de
819 1425 899 1519 ipsrs
920 1425 1085 1522 potiores
1108 1425 1251 1502 morsus

165 1527 239 1620 jani
250 1525 363 1601 dusiis
487 1529 640 1620 rapiunt.
685 1525 725 1600 Si
739 1527 828 1600 nihil
843 1527 915 1600 tale
935 1527 1124 1620 probetur,
1143 1537 1250 1622 gran*-

168 1627 214 1700 de
232 1623 353 1700 nescio
375 1625 461 1720 quid
483 1625 640 1702 aestimari
662 1637 841 1720 oportet,
871 1627 970 1718 catius
996 1621 1249 1720 compensatio

167 1737 349 1802 tantarum
365 1727 596 1800 atrocitatum
616 1725 809 1800 tolerantia
832 1723 980 1799 constat.
1033 1721 1174 1800 Misera
1194 1739 1249 1798 at-

168 1845 239 1916 que
258 1826 459 1898 miserandae
481 1827 676 1918 nationes,
699 1843 785 1898 ecca
802 1825 1039 1920 proponimus
1063 1825 1172 1897 vobis
1194 1823 1249 1898 di-

166 1922 321 2018 sciplina
349 1925 479 2002 nostre
506 1924 743 2017 spousronem.
796 1925 919 1998 Vitam
944 1937 1110 1998 aternam
1140 1922 1249 2000 seua-

74 2021 77 2028 ’
166 2023 338 2115 toribus,
365 2023 400 2097 dt
424 2021 751 2098 conservatoribus·
765 2019 834 2096 suis
855 2021 1028 2118 spondet,
1057 2046 1078 2096 e
1099 2035 1248 2099 contra-

166 2124 224 2219 rio
249 2122 439 2216 profanis,
472 2123 506 2196 dt
531 2123 664 2198 emuli:
686 2121 893 2218 supplicium
914 2135 1092 2197 eternum·
1105 2134 1246 2196 aterno

166 2222 241 2319 ig‘ni
270 2217 527 2296 comminatur:
553 2222 597 2296 ad
621 2239 809 2314 utramque
836 2219 986 2298 caulam
1013 2235 1246 2299 mortuorum

168 2319 380 2396 resurreetio
406 2321 627 2416 predicatur.
678 2317 883 2396 Viderimus
908 2320 952 2394 de
975 2317 1047 2394 fide
1071 2319 1245 2419 istorum,

136 2440 142 2451 ·
167 2421 252 2496 dum
274 2420 338 2494 suo
359 2422 446 2496 loco
465 2421 694 2520 digeruntur:
719 2421 864 2496 interim
888 2419 1051 2514 credite,
1078 2421 1246 2513 quemad·

168 2519 317 2595 modurn
333 2541 421 2595 nos:
448 2521 540 2594 volo
558 2522 651 2598 enim
669 2521 782 2615 scire,
807 2521 832 2595 sr
853 2541 918 2614 per
933 2521 1017 2594 talia
1029 2517 1161 2594 scelera
1171 2519 1245 2594 adi·

165 2639 206 2692 re
230 2621 343 2714 parati
366 2611 476 2716 eltis,
509 2620 808 2714 quemadmodum
829 2617 930 2694 nosl
964 2621 1084 2712 Veni,
1109 2619 1135 2694 sr
1161 2621 1243 2714 quis
1286 2713 1287 2720 Ν

166 2739 224 2810 es,
252 2719 418 2816 demerge
435 2719 570 2794 serrum
593 2721 630 2794 in
649 2717 842 2809 infantem:
870 2721 932 2794 vel
952 2719 1144 2794 saltarios
1165 2719 1246 2794 offi-

166 2817 260 2892 cium
282 2816 358 2912 est,
385 2832 463 2892 tum
480 2819 593 2894 modo
608 2819 724 2912 specu
739 2821 954 2898 morientem
974 2818 1125 2894 animam
1142 2835 1244 2896 ante·
1283 2889 1285 2914 Υ

55 2948 60 2957 ’
166 2937 272 3008 quam
294 2919 416 3012 vixit,
454 2931 553 2992 certe
578 2915 704 3012 excipe
731 2919 857 2992 rudem
878 2916 1080 3032 sangumem
1102 2919 1139 2992 in
1165 2941 1244 3014 quo
1281 2995 1284 3020 ,

164 3037 293 3110 panem
309 3033 412 3090 tumn
427 3015 551 3112 saties,
579 3016 725 3092 vescere
740 3019 913 3094 libenter:
938 3033 1076 3092 :nterea
1093 3017 1248 3094 discum·

164 3117 254 3189 bens
272 3115 455 3192 dinumera
475 3118 557 3189 loca
575 3117 637 3190 ubi
654 3133 768 3192 mater
793 3133 856 3190 aut
874 3115 978 3192 soror
1002 3131 1123 3192 toturn
1146 3117 1242 3210 pres-

163 3213 273 3292 serit:
307 3235 396 3312 nota
422 3216 640 3314 diligenter,
674 3232 717 3290 ut
741 3239 822 3291 cum
846 3217 1004 3293 tenebre
1036 3217 1238 3313 inruerint,
1273 3213 1281 3262 ⁴

43 3399 47 3409 ,
164 3329 346 3388 tentantes
369 3313 504 3390 scilicet
526 3317 742 3414 diligentiam
760 3317 1005 3414 singulorum,
1030 3335 1108 3390 non
1140 3262 1281 3398 erresd

165 3431 370 3490 extraneam
386 3415 583 3489 incursans:
608 3419 784 3509 piaculum
805 3417 957 3509 feceris,
976 3417 1039 3489 nili
1053 3415 1239 3494 incestum.
1273 3411 1279 3526 l

163 3513 252 3587 Hac
280 3535 362 3588 cum
387 3516 628 3608 expunxeris,
661 3517 767 3587 vives
794 3517 831 3589 in
853 3519 981 3592 avum.
1041 3513 1160 3610 Cupio
1184 3535 1239 3591 re·

162 3612 360 3706 spondeas,
385 3615 524 3694 litanti
541 3615 649 3687 facias
668 3613 938 3690 aetemitatemi
962 3616 1074 3688 immo
1094 3613 1235 3690 idcirco

162 3733 231 3784 nec
252 3713 386 3808 credis,
412 3713 448 3786 dr
462 3713 572 3806 jamsr
589 3713 781 3788 credideris
798 3737 894 3814 nego
911 3729 949 3788 te
963 3715 1084 3808 velle,
1112 3715 1147 3787 dt
1162 3715 1237 3808 jan

162 3811 315 3884 srvelles
335 3833 430 3908 nego
447 3825 485 3883 te
497 3811 606 3905 posse.
635 3831 698 3887 cur
715 3829 834 3890 autem
850 3817 906 3888 alii
928 3812 1089 3908 possmt,
1113 3815 1140 3888 fi
1162 3825 1235 3888 vot
1261 3895 1273 3918 1

161 3909 430 4007 nonpotestiss
458 3933 521 3986 cur
548 3933 626 3987 uon
647 3912 809 4011 possitis,
831 3917 860 3990 li
881 3909 1108 4010 aliiposlunt.
1161 3913 1236 3990 Im«
1270 3997 1272 4010 ,

1040 4011 1184 4112 punita·
1271 4033 1272 4039 ‘

1263 4139 1270 4301 l
