2598 4328
187 123 794 206 envnnsusMaaerorarra.
821 125 1012 221 Lra.1V.
1069 150 1139 228 50?

72 283 191 374 Nunc
211 301 329 364 autem
341 289 474 384 pariter
491 304 676 382 utramque
696 303 834 384 partem
845 289 999 367 invitare
1013 295 1140 388 venit,

73 391 123 466 dc
140 391 312 483 civitate,
336 387 380 462 de
397 385 549 484 sepibus,
574 385 740 462 adversus
756 385 934 482 speculum
946 385 1141 484 parabolae:

73 511 149 566 nec
174 487 295 584 potest
313 489 386 583 jam
415 487 612 562 fastidiosos
636 488 813 582 judicare,
851 509 941 582 quos
964 511 1145 582 nunquam

73 601 183 666 retro
202 589 397 680 invitavit,
423 607 615 680 quoscum
629 589 779 664 maxime
803 589 1031 690 aggreditur·
1065 587 1145 662 Aut

74 689 101 768 fi
122 687 316 763 defuturo
339 707 404 760 eor
423 687 582 782 judicat,
609 701 857 760 contemturos
878 689 1145 783 pocationemt

18 855 19 900 ,
76 807 171 886 ergo
195 781 499 862 &sublectionem
516 788 606 862 loco
626 805 751 860 eorum
768 809 813 880 ex
838 789 1001 882 gentibus
1026 786 1070 862 de
1089 786 1144 866 fu.-

18 905 19 936 ἰ
76 899 166 964 turo
185 885 382 982 portendit.
430 885 538 964 Plane
556 886 600 958 ad
616 885 688 960 hoc
704 884 859 960 secundo
877 900 1050 963 venturus
1070 885 1144 981 est,

18 1023 19 1086 p
77 1001 123 1062 ut
143 987 311 1086 gentibus
329 983 507 1086 praedicet.
556 976 606 1059 Et
621 983 646 1062 sr
663 999 859 1078 venturus,
888 985 959 1082 (est
980 985 1144 1086 autem)
1178 983 1187 1002 '

18 1087 19 1140 ὲ
78 1100 176 1188 puto
197 1105 274 1159 non
294 1085 388 1180 quafi
411 1096 607 1160 vocaturus
632 1083 747 1158 adhuc
771 1086 969 1178 convivas,
994 1083 1052 1160 sed
1072 1087 1145 1180 jam

80 1188 342 1262 collocaturus.
392 1181 532 1258 Interea
546 1185 611 1276 qai
626 1204 733 1258 coenae
747 1183 843 1258 istius
859 1187 1092 1260 vocationem
1106 1185 1145 1262 in

81 1282 225 1361 coeleste
245 1283 457 1360 convivimn
479 1283 722 1384 interpretaris
749 1279 909 1378 spiritalis
929 1283 1144 1378 saturitatis,

80 1387 117 1460 dr
149 1383 406 1477 iocunditatis,
431 1399 613 1459 memento
647 1382 682 1456 u
714 1395 872 1473 tenenat
902 1383 1147 1479 promiffiooer

79 1485 161 1560 vini
180 1484 215 1557 δι
233 1483 303 1558 olei
326 1482 543 1565 &frumenti
561 1474 714 1579 &ipsius
730 1481 890 1563 ciuitatie
911 1503 1010 1578 aeque
1026 1481 1147 1580 inspi-

79 1583 199 1662 ritalia
214 1578 390 1680 figuratio
446 1595 583 1662 catone.
779 1671 782 1679 ,
841 1580 875 1597 ’“

164 1703 221 1777 32.
259 1689 355 1754 Ovem
465 1684 657 1754 Droamam
687 1683 851 1779 pedum
871 1679 949 1774 quis
980 1675 1147 1780 requirit?

83 1781 227 1866 Nonne
251 1783 311 1876 qui
336 1779 525 1876 perdidit?
559 1783 650 1956 zuis
674 1797 792 1856 autem
808 1779 988 1874 perdidit?
1009 1779 1147 1858 Nonne

85 1885 148 1978 qui
163 1880 310 1956 habuit?
337 1883 409 1986 Qui
425 1901 516 1956 vero
535 1881 581 1955 ha
607 1879 689 1955 uiti
713 1881 852 1959 Nonne
868 1881 968 1974 qu'us
989 1880 1085 1956 nott
1110 1877 1148 1959 Si

27 2011 31 2019 ·
84 1983 195 2080 igitur
216 1981 329 2056 homo
359 2001 436 2064 non
460 1981 603 2056 alterius
628 1981 680 2056 est
702 2001 783 2073 rer,
820 2002 924 2074 quam
949 1983 1148 2074 mertone,

76 2081 119 2160 -is
148 2101 230 2156 eum
254 2079 400 2176 habuit,
425 2081 524 2176 cujus
549 2079 629 2156 fuit.
677 2079 712 2156 Is
737 2081 912 2176 perdidit,
937 2083 997 2176 qui
1014 2081 1148 2162 habuit

23 2241 28 2250 .
86 2175 123 2262 Is
138 2177 344 2275 requifivit,
368 2182 428 2274 qui
443 2180 620 2276 perdidit.
658 2179 692 2254 ls
710 2181 872 2272 invenit,
899 2184 958 2274 qui
977 2179 1146 2272 quaefivit.

88 2279 125 2358 ls
138 2280 336 2370 exsultavit,
366 2281 581 2378 quieverit.
628 2278 685 2356 Ita
701 2278 881 2369 utriusque
900 2280 1075 2372 parabole
1097 2297 1150 2350 ar-

89 2392 297 2480 gumentum
310 2391 417 2453 vacat
430 2378 525 2455 circa
539 2399 642 2473 curn,
669 2377 769 2473 cujus
780 2395 854 2452 non
871 2375 1014 2452 estovis
1032 2394 1151 2468 oeque

91 2481 278 2574 drachma,
296 2479 334 2554 id
347 2478 398 2554 ‘cst
411 2474 537 2554 horno.
575 2473 667 2552 Non
681 2479 773 2580 enim
785 2475 958 2570 perdidit,
977 2479 1151 2570 quianon

89 2581 237 2662 habuit:
261 2599 330 2655 nec
340 2577 540 2674 requisavit,
550 2578 717 2672 quianon
726 2573 896 2671 perdidit:
920 2597 987 2650 nec
995 2577 1150 2671 invenit,

117 2677 472 2776 uianecrequsrvit:
496 2698 566 2752 nec
582 2670 793 2772 exsultavit,
818 2679 985 2772 quianon
997 2677 1151 2752 invenit.

92 2701 217 2872 atque
232 2777 322 2853 adeo
333 2780 487 2868 exsultare
500 2777 592 2854 illius
608 2773 659 2852 est
672 2781 707 2850 de
712 2781 901 2873 penitentia
920 2783 1098 2868 peccatoris,
1114 2771 1153 2850 id

18 2943 20 2950 .
93 2878 146 2956 cst
163 2878 206 2952 de
217 2877 347 2972 perditi
356 2877 651 2974 recuperatione,
672 2876 733 2971 qui
747 2875 784 2954 se
795 2871 970 2972 professus
987 2877 1037 2954 est
1049 2877 1151 2972 olim,

93 2979 200 3060 malle
214 2978 417 3074 peccatoris
433 2977 679 3072 penitentiam
695 2997 799 3077 quam
812 2991 979 3054 mortem.

173 3094 229 3172 33.
266 3078 405 3177 Quibus
425 3079 537 3152 duobus
557 3081 691 3150 dominis
712 3093 800 3174 neget
821 3073 899 3173 poffe
913 3081 1053 3165 serviri,
1078 3077 1155 3172 quia

95 3181 232 3262 alterum
244 3179 408 3276 offordifit
426 3175 555 3272 neceffl,
579 3179 715 3250 altarem
728 3176 869 3264 defendi,
893 3175 966 3272 ipse
983 3173 1153 3269 declarat,

56 3318 62 3336 ι
95 3285 204 3356 Deum
218 3296 390 3375 proponens
410 3275 448 3356 d
468 3283 695 3353 Mammooam.
744 3273 886 3350 Deinde
911 3273 1156 3351 Memnonem

97 3399 203 3473 quern
225 3375 373 3474 intelligi
395 3378 513 3474 velit,
543 3375 569 3454 sr
593 3375 824 3470 interpretem
844 3395 920 3450 non
945 3375 1083 3466 habes,
1109 3371 1154 3457 ὼ

95 3475 174 3574 ipso
186 3487 294 3570 potes
306 3475 448 3555 discere.
482 3473 708 3552 admoneor
722 3475 813 3548 enirn
826 3495 914 3570 nor,
940 3475 984 3550 de
996 3467 1156 3550 seculari·

18 3613 19 3670 ς
97 3579 165 3656 bus
182 3573 344 3676 suffragia
366 3577 472 3654 nobis
488 3573 693 3676 prospicere
709 3574 963 3668 amicitiarum,
993 3574 1156 3664 [ecardum
1251 3563 1261 3582 ⁶

91 3680 185 3780 pirri
203 3679 289 3750 iiius
312 3679 503 3774 exemplum,
538 3682 598 3776 pri.
613 3679 653 3748 ab
678 3671 751 3752 adiu
770 3678 961 3766 summotus,
993 3677 1159 3748 dominicos

99 3777 250 3864 debitores
274 3764 427 3854 diminuit
447 3777 662 3860 coutuntur,
696 3779 818 3852 relevat
841 3779 880 3846 in
890 3773 1158 3948 fi‘hfflmfifitu’
