2612 4328
26 247 27 268 ,
159 193 232 272 304
307 161 1152 272 Q.Suua‚Fton.Tuurtnnmartr⁸

157 339 281 426 rietur,
307 331 362 406 his
375 331 520 407 interim
534 331 635 404 lineis
653 351 732 406 eam
752 329 957 423 clausnnus‚
975 331 1072 405 intra
1090 349 1178 426 quas
1193 335 1238 410 de

26 433 27 438 ‘
158 433 389 534 finguoibus
400 433 474 526 jam
486 431 768 525 proprietatibus
790 431 1075 527 congrediebar.
1155 487 1159 492 .

109 544 113 550 '
246 545 277 616 8.
312 533 461 626 Primo,
503 529 693 626 supercilio
717 529 900 624 stuporem
932 531 1032 606 suum
1059 530 1238 610 aedificant

96 697 102 710 ,
160 635 414 724 Marcionitae,
448 631 548 724 quod
578 653 719 705 novum
744 631 865 705 Deum
892 633 1102 727 praeferant,
1140 635 1238 726 quafi

26 761 27 768 ‘
157 759 229 815 nos
242 735 378 809 veteris
395 732 467 806 Dei
483 731 628 830 pudeat.
666 729 843 805 Inflantur
863 731 897 806 ἀ
917 733 1020 826 pueri
1038 735 1149 808 novis
1167 737 1239 808 cal-

160 840 262 930 ceis,
294 834 354 910 sed
387 856 407 906 a
437 845 566 906 vetere
591 832 778 928 Paedagogi
810 833 961 906 calceati
991 855 1080 906 mox
1104 857 1239 912 vanarn

162 937 313 1037 gloriam
340 933 583 1028 vapuabunt.
624 931 780 1006 Novum
805 932 913 1028 igitur
934 933 1080 1008 audiens
1092 933 1236 1032 Deum,

160 1039 210 1114 in*
232 1051 361 1110 vetere
393 1033 562 1127 mundo,
601 1031 697 1106 &in
720 1045 847 1106 vetere
872 1055 978 1128 aevo,
1006 1034 1047 1106 'bt
1076 1032 1141 1108 sub
1175 1057 1239 1111 ve·

159 1153 240 1213 tere
264 1135 349 1210 Deo
375 1135 569 1232 ignotum,
602 1132 830 1227 inauditum,
865 1155 971 1226 quem
996 1135 1106 1208 tantis
1133 1149 1240 1210 retro

159 1237 288 1314 seculis
308 1235 506 1326 neminem,
533 1233 568 1305 δι
584 1231 696 1328 ipsum
708 1232 913 1332 ignorantia
928 1235 1133 1328 antiquum,
1161 1241 1238 1328 qui.

67 1365 68 1371 *
160 1339 243 1414 dam
270 1353 725 1433 jesus-cranrsrus,
761 1332 877 1410 &ille
901 1335 939 1408 in
958 1335 1146 1410 veteribus
1172 1357 1238 1410 no·

35 1461 38 1472 ·
157 1438 313 1514 minibus
334 1454 477 1512 novus,
501 1431 744 1528 revelaverit,
769 1453 839 1506 nec
855 1435 943 1506 alius
967 1436 1139 1508 antehac:
1166 1459 1239 1534 ago

56 1543 67 1590 .·
160 1539 288 1636 gratias
311 1535 395 1610 huit
424 1533 547 1630 gloriae
571 1553 724 1627 eorum,
761 1535 918 1610 maximo
954 1535 1136 1627 adJutorio
1163 1539 1240 1630 ejus

160 1639 245 1714 hinc
262 1639 334 1730 Jam
346 1633 504 1710 haerestm
521 1633 763 1728 probaturus,
789 1653 899 1706 novae
914 1632 1050 1708 scilicet
1071 1635 1242 1712 divinita-

160 1739 208 1813 tis
245 1734 509 1831 profeffionem.
564 1733 654 1807 Haec
682 1734 768 1806 -erit
798 1735 968 1828 novitas,
1014 1755 1091 1828 quae
1130 1738 1243 1814 etiam

154 1837 316 1914 ethnicis
335 1835 440 1908 Deos
461 1833 622 1927 peperit,
653 1837 761 1907 novo
781 1829 918 1928 semper
936 1855 978 1906 ac
999 1855 1106 1909 novo
1125 1837 1240 1932 titulo

162 1933 443 2012 consecrationis
461 1935 644 2026 cujusque.
690 1933 782 2036 Quis
800 1927 902 2010 Deus
922 1955 1067 2029 novus,
1094 1935 1158 2010 nist
1175 1935 1241 2010 fal-

104 2035 106 2044 ’
160 2035 254 2114 fiiri
296 2033 357 2109 Ne
383 2033 576 2108 Saturnum
603 2033 746 2125 quidem
777 2043 881 2106 tanta
908 2033 1020 2109 hodie
1045 2035 1241 2129 antiquitas

160 2135 285 2214 Deum
298 2134 492 2230 probabit,
518 2131 600 2226 quia
615 2131 650 2205 &
665 2131 765 2208 illum
779 2133 927 2208 novitas
947 2135 1138 2228 aliquando
1152 2157 1240 2233 pro·

39 2229 43 2236 “
163 2236 326 2330 duxerit,
353 2233 602 2328 cumprimum
622 2229 859 2309 consecrauit.
906 2231 966 2327 'At
986 2235 1080 2308 enim
1097 2236 1188 2310 viva
1205 2237 1242 2312 δι

86 2331 93 2348 ‘
163 2355 330 2436 germana
354 2335 549 2427 triunitas,
584 2352 655 2406 nec
675 2333 721 2406 de
739 2333 933 2427 novitate,
964 2355 1034 2408 nec
1061 2335 1106 2408 de
1131 2347 1240 2412 vetu-

72 2503 83 2514 .
161 2437 277 2532 state,
302 2433 363 2510 sed
379 2435 424 2508 de
439 2431 500 2508 sua
517 2434 674 2507 veritate
689 2431 863 2508 cernetur.
913 2433 1006 2508 Non
1023 2435 1134 2508 habet
1148 2447 1241 2532 tern-

27 2601 28 2608 Ν
189 2559 230 2610 us
251 2536 440 2610 aeternitas.
493 2530 613 2608 Omne
632 2534 728 2608 enirn
749 2545 890 2630 tempus
914 2531 988 2628 ipsa
1007 2534 1068 2610 est.
1159 2537 1243 2613 uod

160 2559 271 2728 iacit,
296 2636 371 2728 pati
385 2656 463 2710 non
482 2633 613 2728 potest„
665 2629 775 2706 Caret
792 2646 918 2728 aetate,
945 2635 1135 2728 qnodnon
1165 2638 1241 2712 'cet

162 2732 269 2811 nasci.
319 2733 421 2808 Deus
441 2731 535 2808 srest
558 2748 690 2828 vetus,
715 2751 793 2808 non
824 2731 912 2808 erit:
944 2733 971 2809 s1
1003 2735 1054 2810 est
1084 2755 1240 2834 novus,

164 2836 243 2910 bon
265 2831 346 2909 fuit
395 2831 557 2908 Novitas
582 2833 725 2908 initium
745 2830 975 2910 testificatur:
1012 2831 1173 2910 vetustas
1199 2835 1241 2912 fi-

161 2957 247 3011 nem
265 2935 512 3009 comminatur.
562 2931 665 3006 Deus
679 2945 799 3008 autem
814 2945 890 3008 tam
913 2932 1111 3008 alienuafab
1129 2938 1241 3012 initio

165 3036 201 3110 δι
219 3029 292 3108 fine
317 3033 389 3128 est,
425 3053 572 3128 querna
595 3045 788 3130 tempore,
830 3035 968 3110 arbitro
994 3033 1241 3113 &metatore

162 3135 255 3212 initii
274 3129 415 3210 &finia

238 3228 272 3332 9ss
298 3227 383 3307 Scio
404 3231 548 3326 quidem
563 3253 638 3324 quo
652 3231 751 3308 sensu
774 3257 892 3306 novum
909 3229 1031 3308 Deum
1049 3231 1240 3332 jaffitent,

165 3336 347 3432 agnitione
376 3336 511 3425 utique.
562 3333 633 3406 Sed
659 3333 823 3427 &ipsam
846 3336 1024 3410 novitatis
1055 3337 1240 3432 cognitio-

96 3475 100 3482 ·
162 3455 273 3528 nem,
308 3437 572 3530 percutientem
601 3433 707 3505 rudes
737 3434 900 3531 animas,
926 3431 1106 3528 ipsamque
1135 3451 1242 3510 natu·

162 3535 275 3608 ralem
300 3534 476 3609 novitatis
498 3531 753 3628 gratiofitatem
779 3535 884 3607 volui
913 3547 1169 3629 repercutere:
1207 3537 1244 3612 it

164 3632 249 3705 hinc
276 3633 413 3726 jande
436 3633 567 3728 ignoto
592 3627 678 3704 Deo
706 3653 938 3727 provoca1e3
965 3634 1091 3726 utique
1118 3637 1242 3732 enim,

161 3749 269 3822 quem
287 3733 470 3829 agnitione
491 3751 632 3806 novum
651 3747 870 3828 opponunt,
895 3735 1063 3830 ignotum
1079 3748 1165 3824 ante
1185 3757 1245 3834 ag-

160 3829 339 3908 nitionem
360 3831 614 3937 demonstrant.
664 3829 748 3932 Age
771 3833 880 3934 igitur
906 3833 951 3908 ad
965 3835 1077 3908 lineas
1099 3831 1245 4008 turgum
