2598 4328
132 189 205 286 μθ
278 179 651 292 mirra-‚Fron
678 166 1108 300 Traruatrartr
1257 264 1260 273 Ι

129 349 225 428 niirii
242 345 336 422 aiiud
360 343 566 443 iensemnt,
592 346 702 441 quam'
718 345 818 440 quod
837 345 881 420 ad
905 345 1089 423 materiam
1113 367 1201 426 con·

130 447 330 530 saltationis
349 448 563 544 pertinebat.
610 447 733 540 Atque
752 447 842 521 adeo
866 445 994 536 kriiae,
1021 452 1201 544 Magister,
1256 450 1265 511 ι’

132 554 305 644 ἡιᾳαὲκητ,
334 550 408 621 hene
431 549 547 648 dixisii.
616 543 903 621 Confirmaverat
928 547 1024 622 enim
1048 545 1200 624 resurre-

130 645 306 749 stionem,
332 647 485 726 formam
499 647 574 742 ejus
590 643 732 722 edendo
745 645 1201 728 adversurSaddncaeorurn
1265 649 1266 656 '

131 750 352 842 opinionem.
411 747 578 842 Denique
602 747 843 822 testimonium
868 765 1025 840 eorum,
1066 751 1202 842 quiite
1267 834 1271 845 ,

90 905 96 914 ,
131 869 215 926 eum
238 845 453 944 respondisse
478 843 765 944 presumserant,
801 867 879 922 non
905 844 1097 924 recusavit
1157 853 1201 922 Si

130 969 237 1033 autern
250 948 353 1035 scriba
371 948 527 1047 Cbrr'flrrur
534 951 644 1042 filium
663 949 776 1020 David
786 947 1037 1046 exfifiimabartr,
1064 949 1126 1046 ipse
1141 973 1203 1020 arr·

131 1065 194 1122 tem
225 1049 334 1120 naeu
358 1049 516 1120 dommum
540 1071 608 1119 eum
632 1047 785 1146 appellat,
800 1094 803 1104 ·
821 1045 906 1141 quid
930 1047 1005 1122 hoc
1030 1045 1074 1122 ad
1099 1045 1200 1126 Chri·

130 1145 249 1224 sturni
282 1145 373 1240 Non
404 1145 526 1221 David
551 1166 711 1224 errorem
735 1145 924 1222 scribarum
948 1147 1200 1245 obtundebat,

131 1247 192 1326 sed
207 1249 385 1343 honorem·
405 1245 546 1322 Christo
571 1245 694 1325 David
714 1245 954 1342 procurabat:
1005 1266 1111 1340 quern
1137 1249 1204 1324 do-

131 1350 265 1424 minum
289 1345 464 1422 Christum
486 1347 618 1444 magia,
647 1365 751 1442 quarn
769 1342 880 1422 finum
896 1345 1043 1442 David,
1070 1345 1203 1422 confir·

111 1443 279 1524 smabati
305 1447 416 1543 Quod
436 1467 514 1522 non
534 1459 753 1544 congrueret
775 1443 984 1520 destrodiori
1011 1447 1199 1527 creatoris.
1282 1463 1285 1554 ',

131 1547 187 1625 At
203 1567 251 1620 ex
276 1545 397 1646 nostra
422 1546 536 1640 parnei
550 1567 653 1640 quarn
679 1545 902 1620 conveniens
927 1547 1203 1640 interpretatio!

59 1669 65 1676 ·
131 1641 249 1740 Num,
283 1645 344 1740 qui
368 1646 453 1720 olim
475 1667 495 1720 a
514 1667 611 1722 caeco
632 1647 695 1720 iiio
714 1643 807 1720 filius
826 1644 946 1718 David
962 1643 1079 1720 fuerat
1096 1647 1203 1722 invo-

96 1837 98 1842 Ι
132 1759 258 1836 canu,
285 1743 383 1840 quod
403 1761 492 1820 tunc
506 1747 674 1840 reticuit,
706 1765 782 1819 non
806 1746 941 1820 habens
961 1745 998 1819 in
1018 1743 1205 1840 prasentia

7 1883 11 1896 =
132 1845 284 1939 scribat,
310 1865 406 1918 nunc
421 1848 518 1919 ultro
538 1865 660 1922 coram
687 1847 737 1919 eis
764 1843 809 1918 de
833 1845 1000 1918 industria
1023 1849 1201 1938 protulit3

133 1958 176 2018 nt
190 1943 255 2038 se,
287 1965 392 2036 quem
416 1965 530 2018 cacus
555 1943 747 2018 seeundum
768 1943 960 2018 scrstrarum
984 1939 1205 2042 dofflinani,

133 2036 246 2119 fliium
269 2055 407 2116 tantum
429 2041 552 2117 David
573 2043 806 2140 predicaret,
842 2041 1027 2116 dominum
1056 2065 1204 2140 quoquo

53 2221 56 2235 Ι
133 2143 211 2236 ejus
231 2141 457 2237 ostenderet,
492 2155 717 2217 remunerata
740 2141 882 2236 quidem
909 2139 981 2216 fide
1001 2147 1108 2238 caeci,
1133 2167 1207 2240 qua

132 2239 247 2320 filium
259 2239 381 2318 David
395 2242 594 2317 crediderat
609 2243 725 2316 iilum:
750 2239 884 2338 pulsata
900 2261 993 2315 vero
1008 2243 1206 2321 traditione

134 2341 351 2435 scribarum,
378 2363 448 2434 qua
468 2363 546 2416 non
563 2343 599 2416 dt
614 2341 797 2416 dominum
816 2363 897 2418 eum
913 2337 1067 2418 norant:
1090 2343 1208 2440 quod-

74 2491 86 2500 -
136 2461 291 2536 cumque
313 2442 357 2516 ad
384 2441 534 2540 gloriam
560 2439 734 2536 spetiaret
761 2437 890 2514 christi
914 2439 1121 2541 c'reatoris,
1155 2443 1206 2520 fro

134 2561 212 2617 non
238 2543 326 2618 alius
345 2553 533 2636 tueretur,
560 2561 665 2636 quam
681 2538 839 2614 Christus
859 2545 1042 2617 creatoris.
1135 2585 1138 2592 ·

141 2665 146 2674 ·
212 2663 268 2738 39.
281 2639 394 2716 ·Olirn
419 2639 581 2716 constitit
610 2641 655 2716 de
676 2641 863 2716 nominum
891 2643 1136 2738 proprietate,
1170 2645 1212 2720 ei
1270 2718 1274 2727 ,

39 2739 45 2745 ’
135 2743 231 2815 illam
254 2751 487 2834 competere,
513 2741 574 2834 qui
588 2741 689 2835 prior
706 2739 740 2814 dr
756 2735 932 2814 Christum
951 2739 1051 2816 suum
1073 2743 1112 2817 in
1136 2741 1207 2817 ho·
1237 2761 1257 2809 r

94 2871 97 2878 ·
133 2841 248 2918 mines
274 2841 520 2933 annuntiaret,
557 2837 726 2938 &Jesum
749 2835 1056 2919 nmnominarer.
1108 2839 1210 2920 Con·

135 2939 242 3015 stabit
262 2941 383 3032 itaque
409 2938 444 3012 ἀ
467 2938 510 3012 de
527 2939 745 3034 impudentia
772 2940 870 3034 ejus,
903 2943 960 3038 qni
982 2945 1097 3015 malros
1121 2933 1241 3016 dicat*

136 3055 289 3111 omturos
310 3045 347 3109 r'n
370 3045 496 3110 nomine
513 3041 625 3136 ipfiur:
649 3038 751 3132 quod
772 3057 849 3112 non
870 3037 914 3116 iit
929 3037 1058 3140 ipssus,
1077 3041 1110 3120 si
1128 3057 1211 3122 n'on

137 3139 295 3215 Christus
321 3137 354 3214 a
382 3135 481 3236 Jrsus
508 3137 682 3216 creatoris
703 3135 777 3232 est,
803 3137 848 3214 ad
871 3137 976 3232 quem
1001 3144 1211 3240 proprietas

135 3239 322 3316 nominum
342 3241 522 3333 pertinet3
558 3239 732 3337 amplius,
768 3237 985 3336 &prohibeat
1008 3265 1061 3314 aas
1086 3251 1211 3340 recipi,

137 3355 291 3434 quorum
307 3337 343 3411 dr
355 3335 428 3434 ipse
450 3359 514 3433 par
528 3337 591 3430 fite
614 3351 659 3412 att
676 3337 736 3430 qui
749 3335 904 3432 proinde
923 3341 960 3414 ia
982 3342 1128 3416 nomine
1141 3359 1211 3418 ve·

137 3443 193 3513 nit
212 3439 352 3532 alieno,
391 3437 506 3511 sinon
527 3437 633 3534 ipsius
653 3449 756 3534 erat,
791 3439 1025 3516 amandatio
1048 3441 1209 3518 nominis

136 3541 338 3634 provenire
360 3535 572 3632 discipulos,
603 3537 665 3632 qui
683 3555 750 3632 per
772 3541 1032 3640 proprietatem
1047 3542 1211 3622 nominis
1255 3554 1262 3572 ·

134 3639 334 3736 possidebat
347 3639 538 3714 veritatem
552 3635 640 3732 ejus.
695 3639 841 3712 Vanum
857 3645 987 3739 donique
1009 3643 1074 3725 iti,
1100 3647 1211 3714 dican.

138 3753 206 3808 usa
236 3742 300 3828 Epa
314 3739 384 3826 sum
407 3737 560 3834 Christus,
608 3737 775 3834 Recipies
790 3757 881 3832 00³,
907 3739 968 3834 qui
987 3739 1209 3818 consimilem

137 3835 310 3934 recepisti
358 3833 414 3912 Et
431 3829 492 3917 b'io
513 3835 830 3952 minuendae
849 3835 916 3921 suo
944 3839 1057 3918 uenit
1107 3841 1208 3942 Quid

1002 3998 1020 4036 ,
1055 3961 1154 4017 nune
