2572 4332
166 171 233 333 gli,
286 315 289 321 Ι
324 213 375 316 Q.
399 203 701 288 Sanmites.
726 185 1099 294 Tnaru'ntrnrtr
1131 211 1133 216 ’
1271 221 1275 230 ’

171 351 239 450 ’Λᾶ
256 373 330 448 hoc
355 369 546 448 necessaria
565 369 617 446 esi
643 347 815 447 vocabuli
839 348 1121 465 inteipretatio,
1154 343 1258 462 sido:

172 473 304 550 Graece
315 472 469 546 formam
487 469 618 561 sonat3
642 473 834 564 absuper
848 471 1125 552 diminutionem
1141 471 1257 546 cisni-

172 585 238 652 λον
253 571 465 666 deduiium,
491 591 591 666 aeque
606 571 708 664 ,apud
732 591 802 644 nos
817 567 1008 644 formulam
1026 569 1126 646 fecit.
1178 566 1257 668 Igi-

14 755 17 764 ι
62 683 64 690 ’
171 675 236 749 ds
256 673 371 747 onmis
388 668 506 758 forma
522 671 585 743 vel
597 668 754 747 formula
771 669 908 744 idolum
926 667 961 744 se
978 669 1048 741 dici
1069 665 1257 763 exposcit

174 758 266 848 inde
278 771 485 867 idololatria
506 770 622 845 omnis
642 770 737 846 circa
758 791 866 844 omne
886 767 1030 844 'idolum
1051 767 1252 851 famulatus

175 871 212 947 dt
225 869 389 946 servimus.
440 869 529 944 Inde
545 869 591 942 'dt
611 869 727 944 onmis
747 867 846 942 idoli
861 868 1009 964 artifex,
1037 867 1195 962 ejusdem
1216 869 1254 944 d

172 971 281 1044 mnus
303 967 354 1046 est
377 969 552 1044 criminis:
584 967 647 1044 nili
672 987 799 1066 parum
816 967 1059 1042 idololatriam
1086 969 1251 1062 populus

60 1157 63 1174 Ι
161 1069 331 1162 ·admisrt,
358 1067 445 1162 quia
463 1067 684 1153 finntssacrum
705 1067 834 1163 vituli,
861 1067 991 1142 &non
1007 1065 1165 1144 homimis
1182 1067 1252 1144 fibi

174 1168 419 1246 consecravit.
464 1231 466 1236 .
586 1198 590 1212 ·
783 1211 785 1218 >

249 1291 286 1356 4.
310 1267 452 1342 Idolum
483 1277 557 1340 tam
588 1261 678 1341 fieri.
701 1285 807 1358 qtram
831 1265 904 1338 coli
927 1263 1029 1342 Deus
1057 1265 1249 1360 prohibet.

122 1369 127 1378 ’
215 1381 329 1444 uanto
346 1363 517 1460 procedit
533 1377 576 1438 ut
589 1361 654 1438 fiat
673 1367 771 1458 quod
785 1365 860 1438 coli
876 1365 999 1460 possit,
1026 1381 1131 1440 tanto
1145 1369 1267 1462 prius.

174 1489 197 1549 e
234 1521 248 1562 ,
274 1487 321 1542 ne
336 1461 414 1559 fiat,
438 1463 551 1545 srcoli
563 1483 640 1537 non
652 1465 749 1551 licet.
795 1461 950 1560 Propter
967 1465 1060 1542 hanc
1078 1465 1248 1562 caussam,

42 1584 67 1654 ‚¹
174 1567 222 1642 ad
255 1563 501 1644 eradicandam
530 1561 666 1638 scilicet
698 1565 882 1639 materiam
911 1565 1152 1663 idololatria,
1188 1567 1252 1642 lex

86 1747 89 1754 Ι
174 1665 300 1754 divina
322 1666 543 1760 proclamat:
574 1669 629 1738 Na
651 1650 799 1760 jaaritis
829 1662 956 1742 idolum.
1016 1659 1066 1737 Et
1090 1667 1249 1760 conjun-

31 1825 36 1830 .
176 1779 285 1866 gens,
311 1765 668 1864 Nquefimunulom
680 1760 905 1862 eorumquiin
918 1765 1095 1855 sudassent,
1119 1763 1162 1842 (ὅ
1181 1789 1253 1864 qua

172 1873 222 1941 'in
235 1879 351 1954 terra,
376 1862 416 1944 (5
433 1889 501 1963 qun
515 1869 647 1937 inmari
683 1861 813 1938 ·T'oto
832 1863 969 1938 mundo
982 1861 1155 1958 ejusmodi
1165 1865 1251 1938 arti·

175 1967 246 2043 bus
271 1963 457 2038 interdixit
480 1961 591 2040 servis
700 2019 708 2042 .
767 1963 1016 2038 Antecesserat
1046 1963 1249 2058 predicens

171 2060 309 2140 'Enoch
323 2063 444 2138 omnia
458 2061 664 2156 elementa,
681 2084 826 2152 omnem
844 2063 967 2138 mundi
983 2061 1139 2156 sensum,
1168 2080 1249 2158 qua

175 2165 297 2258 coelo,
324 2183 402 2256 quae
412 2163 524 2257 mari,
551 2175 737 2256 quaterna
753 2165 1013 2256 conanennn,
1036 2164 1074 2236 in
1092 2163 1251 2240 idolola-

174 2265 284 2338 m'am
302 2259 471 2337 verstuos
490 2261 688 2355 dampnas,
714 2261 750 2336 dt
811 2263 913 2340 iritus
939 2261 1162 2336 desertorum
1188 2285 1252 2340 an·

174 2365 364 2462 gaiorum,
397 2375 440 2436 ut
459 2381 529 2456 pro
551 2361 638 2436 Deo
659 2359 752 2436 adve
784 2361 826 2433 us
841 2359 1041 2447 Dominum
1061 2359 1251 2437 consecra·

174 2476 317 2539 ‘renum
372 2460 506 2536 Omnia
526 2461 635 2560 igitur
652 2461 742 2534 colit
762 2459 936 2537 humanus
961 2481 1087 2556 error,
1113 2477 1250 2555 pretet

176 2560 292 2658 ipsum
314 2561 474 2636 omnium
491 2559 730 2638 conditorem.
780 2557 920 2640 Eorum
936 2558 1105 2658 imagines
1124 2557 1248 2655 idola,

52 2675 56 2686 '
176 2661 370 2756 imaginum
391 2659 615 2734 consecratio
630 2660 847 2738 idololatria.
898 2659 1079 2766 Quicquid
1093 2651 1251 2746 idololat

23 2829 25 2841 .
177 2759 249 2837 tria
264 2759 479 2852 committit,
495 2753 544 2831 in
560 2755 734 2834 artificem
750 2779 998 2854 quemuurque
1014 2760 1047 2833 δι
1061 2755 1251 2852 cujustan'-

180 2879 251 2952 que
262 2859 352 2932 idoli
364 2858 556 2952 deputetur
568 2855 707 2933 necesse
721 2857 781 2934 est.
828 2857 998 2953 Denique
1011 2860 1104 2936 idem
1113 2857 1250 2936 Enoch

178 2957 494 3038 finmucultores
506 2955 595 3030 idoli
609 2956 643 3030 &
658 2956 893 3032 fabricatores
905 2959 943 3032 ln
964 2959 1249 3059 comininatione

179 3057 406 3154 praedamnat.
453 3053 503 3130 Et
519 3053 657 3130 rursus:
683 3057 773 3154 Juro
789 3059 899 3130 vobis
914 3072 1133 3152 peccatores
1146 3061 1248 3152 quod

178 3157 219 3232 in
245 3157 338 3232 diem
358 3155 533 3256 sanguinis
556 3157 769 3250 perditionis
792 3158 1004 3252 paenitentia
1030 3172 1155 3252 parata
1182 3157 1246 3238 est.

179 3255 261 3360 Qui
273 3256 410 3331 servitis
425 3255 624 3352 lapidibus,
650 3255 686 3328 dt
704 3257 765 3348 qui
779 3258 946 3354 imagines
968 3255 1086 3330 facitis
1103 3276 1248 3356 aureas,

179 3359 217 3434 dt
241 3367 448 3454 argenteas,
475 3357 510 3430 u
534 3355 689 3454 ligneas,
716 3355 750 3430 dt
774 3357 950 3452 lapideas,
976 3355 1011 3428 dt
1036 3354 1184 3454 sibiles,
1210 3357 1249 3431 dt

170 3453 320 3533 servitis
333 3453 651 3550 phantasmatibus,
678 3453 928 3552 &demoniim
954 3453 1178 3552 &spiritibus
1194 3459 1250 3530 in'·

180 3555 354 3648 samibus,
382 3555 598 3630 &omnibus
616 3556 798 3628 erroribus
821 3577 899 3630 non
920 3553 1112 3632 sectandum
1137 3553 1251 3631 scien·

180 3653 288 3750 tiam,
312 3655 450 3730 nullum
465 3657 508 3726 ab
519 3657 560 3728 iis
572 3655 762 3728 invenietis
777 3657 956 3730 auxilium.
1005 3651 1126 3730 Esaias
1136 3675 1248 3754 vero,

186 3745 310 3852 Testes,
339 3751 829 3850 ait,v0s21lu,sse]lueus
851 3752 968 3854 absque
991 3781 1048 3826 me.
1111 3756 1159 3826 Et
1179 3781 1253 3830 nort

148 3883 153 3903 ¹
181 3870 276 3930 mm
284 3869 371 3928 tum
383 3855 636 3953 quifirrgrmt&
645 3853 852 3956 assumam,
875 3859 1097 3946 emmeant,
1118 3860 1177 3952 qui
1187 3855 1254 3948 fa·-

686 3987 695 4000 ·
739 3984 757 4000 ·
1102 3973 1198 4029 ctum
