2612 4328
98 111 121 175 ,’
178 137 255 213 330·
325 115 373 214 Q.
399 111 536 192 sera.
561 111 706 189 Fron.
732 111 1123 236 Tearyumaur,

179 279 268 355 odio
295 276 379 353 mali
400 288 593 350 exerceat:
627 288 670 350 ut
695 275 784 350 boui
811 277 963 382 tutelam
987 275 1235 373 expugnatione

176 380 259 456 mali
283 377 454 470 impleat,
870 387 871 392 ‘

229 499 312 573 ἠ.
345 477 415 552 Sed
436 479 573 570 jndicat
595 477 702 571 plane
737 472 868 550 malum
898 469 1085 562 nolend0,
1123 474 1156 548 dt
1188 474 1265 550 <ir-r

176 593 276 656 mnat
316 578 574 672 prohibendo:
623 577 770 652 dimittit
802 589 920 650 autem
961 597 1038 650 non
1070 571 1265 648 vindicam-³

40 697 57 748 ἰ
177 680 255 774 d0,
291 679 326 752 dr
359 675 514 752 absolvit
545 699 620 750 non
646 677 843 770 puniendo.
910 675 1091 752 ODeum
1119 675 1246 750 verite.

176 775 222 852 tis
241 780 575 876 praevaricatorem!
600 775 783 852 sententie
798 775 866 851 sue
885 775 1233 870 circumscriptorem!

175 881 281 954 timet
302 878 487 972 damnare,
522 877 622 971 quod
652 879 818 966 damnat,
853 877 958 952 timet
986 874 1117 970 odisse,
1149 871 1233 966 quod

174 981 383 1070 nonamat,
408 979 539 1054 fadum
558 978 657 1070 finit,
685 975 968 1069 quodfierinon
984 977 1085 1066 sinit:
1110 972 1233 1049 mavult

166 1077 366 1170 ostendere
390 1079 474 1172 quid
495 1081 608 1170 nolit,
636 1099 740 1170 quam
761 1082 927 1171 probare.
979 1079 1066 1154 Hoc
1092 1075 1159 1148 erit
1177 1073 1232 1146 bo·

174 1181 267 1252 nitas
284 1180 512 1274 imaginaria,
528 1177 729 1270 disciplina,
751 1177 975 1274 phantasma,
1003 1173 1122 1272 &ipsa
1135 1188 1232 1246 trans⁴

58 1311 61 1320 ¹
174 1279 353 1353 functoria
368 1283 571 1373 precepta:
599 1275 721 1350 secura
736 1276 871 1354 denua.
924 1275 1064 1352 Audite
1080 1285 1231 1370 peccato-

173 1399 253 1470 res,
279 1379 412 1471 quique
426 1379 589 1454 nondum
606 1379 680 1452 hoc
697 1377 798 1472 estis,
824 1390 866 1448 ut
883 1377 952 1452 eise
966 1377 1118 1474 pollitici
1142 1373 1229 1446 Deus

172 1479 301 1552 melior
314 1478 494 1552 inventus*
509 1477 580 1573 est,
618 1480 678 1572 qui
700 1499 768 1552 nec
789 1477 1008 1572 offenditur,
1043 1495 1111 1550 nec
1133 1469 1232 1546 irasci·¹

172 1595 257 1674 tur,
279 1600 361 1652 nec
382 1577 582 1665 ulciscitur,
618 1580 677 1651 cui
698 1579 815 1652 nullus
836 1577 927 1674 ignis
950 1577 1117 1671 coquitur
1132 1575 1166 1645 in
1182 1586 1232 1664 ge·

170 1679 316 1774 henna,
352 1681 410 1752 cui
438 1681 556 1754 nullus
584 1679 744 1756 dentium
766 1677 915 1768 frendor
938 1679 1069 1752 horret
1089 1677 1126 1749 in
1146 1683 1232 1746 exte·

170 1779 327 1855 rioribus
345 1779 526 1868 tenebris:
553 1781 672 1854 bonus
691 1793 830 1852 tantum
856 1777 917 1853 est.
970 1777 1137 1868 Denique
1158 1789 1229 1865 pro

90 1919 95 1932 =
169 1881 273 1954 hibet
298 1879 525 1972 delinquere,
560 1877 619 1952 sed
643 1879 755 1952 literis
778 1875 872 1953 solis.
924 1877 964 1952 ln
984 1878 1094 1950 vobis
1118 1865 1231 1964 est,sr

169 1979 291 2052 velitis
314 1978 366 2070 illi
391 1979 600 2070 obsequium
623 1977 843 2074 subsignare,
888 1992 930 2051 ut
952 1979 1133 2073 honorem
1155 1969 1229 2042 Deo

168 2077 326 2154 habuisse
341 2079 552 2154 videamini:
579 2081 746 2154 timorem
769 2080 863 2152 enirn
879 2099 955 2152 non
976 2080 1072 2152 vult.
1120 2069 1229 2166 Atque

168 2177 261 2254 adeo
280 2199 354 2272 prae
378 2177 413 2252 se
435 2180 558 2255 ferunt
578 2178 833 2272 Marcionitae,
871 2179 970 2270 quod
997 2177 1129 2252 Deum·
1143 2167 1228 2244 suurn

169 2279 321 2354 omnino
342 2281 901 2370 nontimeantzmalueautem,
926 2279 1116 2372 inquiunt,
1141 2271 1227 2380 time·

168 2379 289 2474 bitur,
313 2381 434 2453 bonus
456 2391 575 2454 autem
597 2379 772 2476 diligetur.
822 2378 965 2472 Stulte,
1002 2394 1108 2470 qtrem
1130 2372 1228 2444 dom·

166 2501 252 2554 num
280 2481 459 2574 appellas,
492 2503 600 2578 negas
628 2477 856 2552 timendum?
897 2499 977 2552 urm
997 2481 1082 2552 'hoe
1106 2483 1227 2550 nomeu

165 2579 355 2672 potestatis
382 2579 425 2654 sat
446 2583 552 2655 etiam
572 2577 770 2665 timendae?
804 2576 858 2650 At
883 2580 1073 2670 quomodo
1093 2573 1226 2666 diliger,

164 2678 230 2752 nili
253 2679 379 2752 timeas
401 2701 480 2759 nun
504 2678 680 2777 diligeres
713 2677 822 2752 Plane
843 2691 912 2752 nec
935 2691 1040 2772 pater
1062 2691 1144 2750 tuus
1161 2665 1228 2778 est,

164 2779 203 2852 in
219 2801 327 2878 quem
347 2793 531 2874 competat
553 2777 588 2851 de
610 2795 711 2852 amor
737 2790 889 2872 propter
918 2781 1117 2874 pietatem,
1142 2771 1229 2844 &u-

162 2897 247 2955 mor
264 2893 416 2973 propter
432 2877 667 2972 potestatem:
693 2899 761 2951 nec
788 2881 965 2975 legitimus
985 2878 1169 2965 donumu,
1192 2877 1229 2938 ut

163 2979 287 3075 diligas
305 2993 457 3072 propter
477 2979 755 3070 humanitatem,
791 2977 825 3050 u
851 2977 975 3052 timeas
999 2989 1152 3073 propter
1172 2961 1228 3040 dis·

163 3079 341 3172 eiplinana
373 3077 433 3150 Sic·
447 3078 602 3170 denique
617 3081 676 3172 pla
702 3079 776 3150 iarii
796 3075 1011 3174 diligunurr,
1037 3069 1228 3150 nonedam

162 3180 345 3252 timentur.
377 3177 468 3252 Non
484 3181 577 3253 enim
592 3101 795 3272 traicitur,
819 3177 881 3252 nisr
893 3177 984 3270 justa
1003 3177 1037 3250 dr
1058 3168 1228 3248 ordinem

161 3277 387 3352 dominatio:
415 3279 512 3376 diligi
534 3292 653 3352 autem
673 3277 795 3384 potest
810 3271 916 3350 etiam
937 3277 1109 3350 adultera.
1158 3269 1227 3343 sol·

158 3378 360 3456 licitatione
386 3380 482 3454 enim
507 3371 666 3474 constat,
700 3398 778 3450 non
809 3377 1022 3455 autoritate:
1059 3369 1228 3448 &edula

158 3477 288 3571 tione,
323 3499 402 3552 non
432 3477 621 3574 potestate.
685 3477 784 3577 Quid
817 3477 970 3568 denique
1009 3473 1226 3557 adulantius,

133 3595 272 3665 ¹quarn
291 3577 420 3668 deliita
438 3599 517 3652 non
540 3577 709 3672 exsequi?
751 3572 840 3670 -Age
860 3579 1003 3670 itaque,
1032 3576 1095 3666 qui·
1113 3572 1226 3645 Deum

157 3693 236 3746 non
262 3677 368 3752 tiores
392 3679 486 3768 quali
507 3679 666 3770 bouum,
704 3677 788 3770 quid
805 3694 881 3748 non
901 3677 937 3747 in
955 3693 1101 3748 omnem
1121 3665 1227 3746 libidia

157 3791 242 3850 netu
269 3773 423 3891 ebullis3
449 3774 642 3873 sttmmum,
677 3778 776 3871 quod
801 3772 927 3870 sciara,
966 3772 1123 3890 studium
1147 3770 1225 3884 uite

379 3893 386 3926 ⁹
1065 3892 1180 3948 omm-

350 3926 365 3953 ἦ
451 3948 459 3961 .

390 3957 405 3993 Ι
