2616 4336
340 209 713 292 auNarrouts.
759 204 866 292 er.
891 205 938 294 11.
989 214 996 228 '
1056 201 1059 214 ’
1100 219 1171 316 1‘83

96 375 232 471 repetit.
291 373 380 452 Ideo
406 367 534 471 Deus,
566 375 651 452 ideo
673 375 847 482 Quirinus
871 375 951 472 est,
986 377 1068 472 quia
1085 391 1173 456 tunc

12 461 43 489 ‘'
98 476 311 572 parentibus
331 476 538 570 quiritatum
565 473 617 552 est
636 477 842 571 perillum!
869 477 968 580 Quid
988 478 1171 554 Sterculus

96 575 234 654 metuat
248 575 292 652 ad
315 574 566 650 divinitatem?
597 576 750 674 fiagros
772 575 992 652 stercoribus
1006 579 1170 670 juvando

96 675 355 776 diligemur,
379 677 460 773 plus
475 673 689 774 fimiAugias
707 675 932 754 conserebat.
980 675 1171 754 sirannus

94 775 176 852 Pici
198 773 292 852 filius
309 777 347 851 in
362 777 420 870 J'us
440 776 640 876 agitabatur
657 790 779 852 mente
797 777 914 858 iectu,
949 777 1064 850 curmi
1087 799 1170 854 eum

95 880 210 975 magis
232 897 338 972 quam
358 875 560 952 consecrari
579 878 742 953 decebat.
792 875 829 952 Si
850 875 963 952 Fauni
983 873 1056 952 filia
1069 877 1168 972 pudi-

94 978 185 1050 citia
201 977 452 1072 precellebat,
484 989 527 1050 ut
547 995 595 1051 ne
618 975 894 1052 conversaretur
914 975 1056 1070 quidem
1075 977 1168 1050 inter

92 1079 225 1169 viros,
244 1091 306 1150 aut
319 1077 500 1170 barbaria,
520 1089 582 1150 aut
596 1075 1084 1170 conscientiadeformitatis,
1107 1093 1168 1150 aut

90 1179 235 1250 rubore
252 1175 390 1250 insaniae
403 1189 581 1271 paterne,
607 1189 745 1272 quanto
759 1177 902 1276 dignior
915 1173 1166 1250 Bonadeal’e-

90 1279 256 1371 nelopa,
281 1297 358 1369 quae
371 1277 467 1350 inter
481 1275 678 1352 utiliffimos
694 1288 871 1351 amatores
886 1273 1084 1370 diversata,
1102 1279 1166 1350 ob-

90 1373 218 1450 sessam
244 1373 441 1452 castitatem
467 1388 592 1450 tenere
621 1375 812 1471 protexit?
843 1373 908 1452 Est
939 1375 974 1450 ἃ
1007 1375 1164 1468 santius,

11 1527 14 1533 -
89 1487 249 1571 propter
268 1475 545 1572 hospitalitatem
566 1495 588 1554 a
604 1495 690 1574 rege
713 1475 837 1552 Plotio
855 1475 976 1552 fanum
996 1473 1165 1550 consecu-

89 1587 175 1650 tus:
200 1576 326 1670 potuit
348 1575 383 1649 du
403 1575 530 1650 Ulixes
553 1575 599 1649 de
615 1577 859 1654 humaniffimo
876 1573 1037 1651 Alcinoo
1053 1597 1163 1650 unum

91 1676 244 1770 amplius
256 1675 379 1749 Deum
394 1677 505 1750 vobis
522 1673 722 1750 contulisse.
772 1673 835 1750 Ad
849 1673 1001 1752 foediora
1017 1673 1160 1750 festino.
1212 1721 1216 1728 -

71 1807 75 1816 ⁴
174 1793 229 1850 ιο.
255 1773 346 1848 Non
370 1775 499 1870 puduit
519 1773 696 1850 nectores
719 1773 862 1850 vestros
880 1773 925 1850 de
944 1773 1162 1848 Laurentina

88 1873 210 1966 palam
229 1871 359 1950 facere.
418 1873 589 1950 Scortum
614 1876 693 1950 nec
717 1875 943 1950 meritorium
963 1873 1060 1967 fuit,
1086 1873 1160 1948 five

89 1972 178 2048 dum
192 1972 340 2048 Romuli
355 1975 498 2068 nutrix,
526 1973 664 2050 &ideo
683 1977 792 2070 lupa,
818 1975 901 2070 quia
918 1973 1093 2062 scortum3
1121 1973 1159 2050 sr-

87 2072 239 2148 vedum
254 2073 420 2150 Herculis
441 2076 552 2150 amica
569 2073 640 2170 est,
668 2075 792 2171 &jam
809 2075 943 2150 mortui
966 2073 1158 2170 Herculis,

86 2171 127 2244 id
148 2169 220 2267 est,
248 2175 322 2266 jrm
336 2174 420 2251 Dei.
471 2173 569 2248 Nam
586 2175 736 2271 ferunt,
762 2177 931 2250 aedituum
950 2177 1026 2268 ejus
1045 2172 1158 2248 solum

83 2270 189 2346 forte
212 2275 248 2348 in
273 2275 349 2348 ede
374 2275 520 2350 calculis
543 2275 729 2352 ludentem
752 2287 795 2352 ut
817 2275 880 2351 srbi
905 2273 1156 2370 conlusorem,
1185 2333 1189 2342 .

86 2391 286 2466 quemnon
301 2375 477 2472 habebat,
501 2373 791 2474 representaret,
815 2373 1157 2450 tmamanuHercu·

84 2471 130 2544 lis
154 2473 326 2568 nomine,
359 2476 426 2550 alia
445 2497 492 2550 ex
515 2473 576 2550 sua
593 2473 746 2572 persona
762 2473 876 2550 iusum
898 2471 1019 2566 inisse,
1045 2471 1176 2574 siipsc¹

83 2571 253 2667 mosset,
279 2577 453 2652 coenulam
472 2573 717 2650 &scortulum
736 2595 782 2649 cx
797 2573 973 2668 stipitibus
988 2571 1154 2645 Herculis

84 2667 267 2748 firmetate
297 2675 435 2750 fivero
452 2673 652 2769 Hercules,
677 2673 782 2748 idest
801 2691 925 2750 manus
941 2673 1072 2766 altera,
1099 2693 1154 2745 ea-

83 2770 171 2848 dem
192 2773 341 2850 Herculi
365 2775 565 2850 exhiberet.
617 2775 719 2848 Vicit
740 2794 864 2848 manus
889 2771 1070 2848 Herculis.
1097 2767 1153 2868 (id

84 2890 235 2966 quoque
253 2875 377 2969 potuit
395 2874 588 2952 duodecim
604 2873 717 2950 burlis
734 2874 811 2968 ejus
831 2870 1013 2972 adscribi.)
1045 2869 1153 2946 Aedi·
1289 2946 1292 2956 ,

83 2982 170 3046 tuus
189 2993 328 3051 coenam
348 2974 498 3050 Herculi
516 2974 713 3070 dependit,
744 2969 904 3048 scortum
922 2971 1151 3046 Larentinam

84 3072 283 3148 conducit:
319 3085 435 3148 coenat
454 3075 568 3172 ignis,
602 3076 663 3166 qui
679 3073 770 3168 Sol,
803 3071 962 3168 &ipsrus
984 3069 1153 3145 Herculis

82 3189 230 3249 co
256 3175 316 3248 nia
342 3195 402 3248 ara
426 3169 663 3270 consumpsit:
695 3173 893 3248 Larentina
915 3172 952 3246 in
979 3171 1053 3244 ede
1077 3169 1152 3246 sola

83 3269 261 3349 dormit..
275 3331 306 3351 ..
334 3273 379 3348 de
387 3274 537 3348 lenonio
552 3271 640 3346 ludo
650 3269 787 3366 jactitat
799 3271 834 3346 se
846 3269 991 3346 somniis
1002 3269 1149 3344 Herculi
1171 3281 1173 3286 ·

82 3365 259 3448 fimum:
290 3373 493 3480 dupontit,
527 3373 612 3448 dum
630 3371 750 3448 urimo
769 3373 1061 3469 contemplatur,
1096 3367 1148 3441 so-

82 3472 183 3544 mnio
198 3475 283 3567 pati.
334 3471 425 3548 Eam
442 3471 486 3548 de
508 3473 595 3548 aede
608 3471 898 3570 progredientem
916 3491 1020 3545 mane
1032 3467 1149 3562 primo

84 3569 225 3658 quidam
243 3569 470 3668 adolescens,
494 3573 622 3646 tercius
641 3573 740 3668 quod
758 3571 859 3665 ajunt
869 3571 1046 3646 Hercules
1062 3589 1148 3642 con-

84 3670 255 3766 cupiscit,
288 3673 332 3747 ad
352 3669 387 3748 se
503 3671 541 3746 id
565 3671 696 3748 ditium
717 3671 780 3748 libi
802 3673 847 3746 ab
865 3670 1047 3765 Hercule,
1080 3667 1148 3744 uti-

85 3785 246 3856 que
273 3785 431 3850 ccurtur.
484 3769 575 3848 Non
592 3772 688 3847 enim
702 3771 849 3868 impune
862 3769 948 3844 licui
1067 3769 1146 3844 dem

85 3869 376 3964 quoquescribit:
403 3874 562 3951 morilla
574 3891 670 3970 prop
791 3889 857 3968 per
867 3869 1060 3948 Herculem
1072 3869 1146 3943 fue

605 3969 739 4064 Μ4,
1044 3981 1099 4040 rat
1195 3969 1203 3983 ‘
