2608 4338
193 169 269 258 534
340 161 388 262 Q.
413 152 551 236 suar.
575 157 717 235 libor.
742 157 1108 238 Ttnrutttnttt

191 321 268 420 ipse
282 319 469 395 comitatui
484 311 552 392 suo'
564 317 763 412 asciverat,
790 321 827 394 in
850 333 987 396 tantum
1003 317 1115 394 scelus
1131 335 1279 414 ruore,

192 423 271 498 noli
288 424 359 516 jam
375 419 420 493 de
441 433 608 492 creatore
633 423 727 496 circa
745 419 861 495 Adam
879 419 1098 513 remediare,
1124 439 1210 510 quae
1231 421 1274 492 in

86 565 91 575 ·
191 535 296 596 tuum
321 539 467 614 qttoque
491 517 611 592 Deum
634 531 911 614 retorquentur:
937 533 999 593 aut
1023 516 1205 616 ignorasse
1227 519 1285 592 il··

84 617 100 644 ”
193 623 291 712 nn,
318 621 379 712 qui
394 641 471 692 non
484 625 535 690 'ex
555 619 784 712 providentia
802 619 940 694 obstitit
957 633 1176 714 peccaturo:
1204 631 1285 690 aut

47 726 54 755 ¹
195 717 365 794 obsistere
382 737 460 792 non
475 718 650 812 potuisse,
676 721 701 794 st
718 722 930 820 ignorabat:
957 735 1019 794 aut
1032 715 1214 809 noluisse,
1241 717 1283 791 sa.

195 819 232 894 dt
256 819 390 892 sciebat
412 817 446 891 dt
470 831 639 912 poterat:
666 833 773 914 atque
795 823 845 894 ita
867 817 1080 894 malitiosiun
1101 817 1285 912 judicans·

195 919 303 1011 dum,
329 920 390 1012 qui
411 917 523 1012 pallus
543 920 782 996 inhominem
799 920 898 996 suum
918 916 1115 994 endelido
1130 917 1277 1016 petire..

191 1017 338 1092 Suadeo
363 1019 472 1114 igitur
496 1017 664 1113 agnoscas
689 1023 813 1114 potius
838 1021 926 1095 &in
945 1019 1013 1092 isto
1032 1029 1274 1111 creatorem,

195 1138 302 1214 quam
319 1139 439 1214 parem
451 1119 504 1193 illi
517 1119 636 1191 Deum
649 1121 844 1214 optimum,
871 1115 1275 1194 adversussententiam

195 1231 296 1294 tuam
316 1217 435 1292 sacius.
497 1217 592 1292 Nam
617 1219 816 1296 &Petrum
840 1217 1107 1314 praesumptorie
1130 1213 1281 1308 aliquid

87 1392 89 1401 ,
196 1321 412 1410 elocutum,
451 1321 634 1414 negationi
671 1324 794 1420 potius
833 1318 1067 1409 destinando,
1102 1317 1277 1404 zelotem

194 1413 317 1496 Deum
343 1419 409 1490 tibi
432 1418 598 1494 ostendit.
665 1424 781 1492 llebutt
803 1425 896 1492 eliam
920 1422 1021 1504 osculo
1036 1419 1150 1501 tradis
1174 1414 1278 1488 Pro·

36 1555 39 1568 ·
195 1517 362 1614 pleneus
385 1519 519 1592 scilicet
538 1517 721 1614 Christus,
739 1513 790 1596 'ut
804 1523 883 1616 'ejus
904 1519 1037 1594 scilicet
1057 1513 1173 1610 filius,
1202 1515 1277 1608 qui

60 1697 62 1702 ,
195 1617 300 1694 labiis
315 1639 335 1690 a
349 1621 489 1712 populo
512 1619 731 1720 diligebatur.
788 1620 958 1696 vellaus
976 1626 1013 1690 in
1031 1614 1195 1708 consaeffnm
1219 1639 1276 1686 an

198 1719 260 1818 a'pfit
276 1716 345 1808 effer
366 1719 529 1814 Christos,
556 1727 783 1814 interrogatur.
834 1721 895 1796 De
907 1741 982 1816 quo
993 1713 1134 1792 Christi)
1150 1714 1285 1810 Judaei

198 1815 393 1910 quesissent
411 1820 473 1894 nist
492 1819 537 1892 de
550 1817 649 1894 suoi
684 1821 757 1895 Cur
777 1841 865 1921 ergo
881 1841 958 1895 non
971 1821 1039 1893 ·vel
1052 1831 1141 1888 tune
1157 1817 1278 1892 alium

196 1917 250 1989 eis
272 1917 466 2008 prodidit?
496 1921 551 1993 Ut
565 1923 640 2016 pati
661 1921 801 2014 pollet,
833 1923 972 2014 inquis,
1001 1919 1039 1994 id
1066 1913 1181 1989 estut
1202 1914 1274 1989 ille

198 2015 359 2108 optimus
374 2017 580 2114 ignorantes
603 2019 718 2092 adbuc
748 2024 785 2094 in
809 2019 922 2096 scelus
943 2027 1131 2118 mergeret.
1194 2011 1278 2091 At*

46 2139 49 2148 ’
89 2149 92 2160 ·
200 2115 309 2210 quin,
339 2113 914 2219 &fidixiffet,1palsuruselset.
972 2126 1011 2192 Si
1027 2125 1135 2190 dixero
1153 2122 1283 2206 enine,

197 2221 325 2312 otgunt,
352 2217 689 2302 voll1,mncredins.
741 2219 859 2295 Porro
873 2241 950 2294 11011
969 2217 1158 2309 credituri,
1174 2235 1282 2312 Ῥεῖ-ι

197 2311 414 2392 fenerassent
430 2318 467 2392 in
483 2339 612 2396 necem
635 2321 721 2414 eius.
772 2319 824 2396 Et
844 2343 907 2396 cur
930 2343 1005 2395 non
1025 2321 1135 2418 magis
1152 2315 1275 2410 patru-

197 2433 260 2488 rus
285 2413 392 2512 esset,
418 2417 443 2492 fi
469 2421 613 2492 alterius
640 2419 733 2510 Dei,
769 2443 811 2494 ac
839 2441 903 2516 pet
929 2423 1001 2495 boc
1026 2415 1274 2496 adversarium

199 2517 373 2588 creatoris
387 2517 659 2594 manifestasset-‘3
684 2515 784 2618 Ergo
796 2543 871 2594 non
890 2536 930 2592 ut
947 2533 1144 2614 pateretur,
1159 2520 1279 2600 alium

63 2639 66 2658 ¹
197 2611 235 2688 se
257 2626 346 2688 tunc
365 2637 511 2710 quoque
536 2617 729 2712 supersedit
750 2620 966 2709 ostendere3
991 2619 1051 2695 sed
1076 2622 1277 2712 quomodo

198 2731 246 2784 ex
260 2731 327 2786 ore
349 2715 425 2807 ejus
447 2717 700 2794 conseffionem
722 2735 939 2812 extorquere
955 2721 1169 2814 cupiebant,
1194 2741 1275 2800 nec

111 2847 114 2852 ·
200 2811 364 2885 confesso
375 2829 495 2890 tamen
510 2821 691 2910 credituri,
710 2821 769 2916 qui
781 2843 861 2894 eum
878 2841 922 2892 ex
937 2818 1278 2914 operibusscriput·

110 2987 112 3002 ,
197 2931 255 2984 tas
281 2912 553 3006 adimplentibus
578 2915 761 3014 agnovisse
783 2920 1002 2994 debuerant:
1027 2921 1078 2994 ita
1099 2923 1174 3015 ejus
1195 2921 1274 3000 fuit

200 3011 395 3088 occultasse
407 3015 463 3110 se,
490 3017 547 3091 cui
562 3019 660 3091 ultro
677 3017 874 3094 debebatur
887 3023 1032 3116 agnitio.
1083 3015 1133 3094 Et
1145 3031 1275 3102 tamen

199 3109 316 3184 adhuc
339 3115 389 3187 eis
411 3137 555 3192 manum
572 3120 779 3216 porrigens,
814 3121 960 3209 Abhinc,
985 3123 1113 3218 linquit,
1140 3131 1201 3192 ent
1221 3129 1284 3216 fi:

198 3207 266 3280 sius
288 3215 428 3283 hominis
444 3219 555 3306 sedens
576 3219 616 3286 ad
633 3221 791 3290 dexteram
809 3223 949 3291 virtum
967 3223 1043 3293 nel.
1094 3219 1275 3316 Suggere-

198 3307 261 3383 bat
278 3313 370 3386 enim
393 3311 429 3387 sb
446 3339 491 3392 ex
511 3315 673 3390 Danielis
688 3317 880 3411 prophetia
898 3317 1010 3394 fillum
1027 3319 1204 3414 hominis,
1235 3326 1277 3399 du

199 3427 225 3479 e
241 3407 375 3501 psalmo
392 3411 536 3509 David,
562 3413 744 3492 sedentem
757 3417 800 3492 ad
816 3419 999 3494 dexteram
1007 3419 1090 3496 Dei.
1138 3416 1274 3513 Itaque

192 3503 252 3591 xest
272 3507 340 3582 isto
370 3513 465 3586 didio
490 3513 525 3588 dt
550 3513 730 3608 scripture
756 3519 1026 3614 comparatione
1037 3519 1272 3620 illuminati,

200 3625 305 3694 quem
322 3607 358 3682 se
375 3613 489 3686 vellet
502 3613 674 3713 intelligi,
700 3643 767 3714 ergo
780 3625 950 3714 inquiunt,
977 3637 1012 3688 lu
1037 3622 1272 3708 lleifiliusesZ

199 3699 311 3816 §ujus
328 3707 425 3805 Dei,
449 3713 511 3785 nili
536 3733 641 3806 quem
660 3714 774 3791 solum
795 3717 1013 3792 noverantl
1040 3717 1150 3812 Cujus
1166 3717 1269 3820 Dei,

176 3797 262 3875 ·tnli
287 3825 394 3898 quem
417 3811 455 3885 in
479 3809 615 3908 psalmo
639 3817 897 3916 meminerant,
927 3817 1051 3900 dixisse
1074 3815 1276 3998 filigedsteltt,¹
