2616 4336
32 153 33 202 ⁷
170 155 242 230 art
320 141 1094 247 osmuroarrarururm

168 321 287 384 terum
303 305 482 382 subvertit
503 321 620 384 totam
638 307 865 386 substantiam
886 307 1095 386 sacramenti
1115 307 1253 388 cauffo·

167 410 223 482 tio
236 405 422 501 ejusmodi,
440 423 483 480 ut
493 405 600 484 etiarn
609 410 822 484 voluntariis
834 409 968 484 delidtis
978 405 1124 486 fibulam
1132 413 1253 492 laxet.

168 507 266 584 Nam
284 507 318 582 ιιι
337 509 510 584 voluntas
528 519 675 602 poterat
691 511 872 584 necessitas
885 509 1082 604 contendi,
1108 513 1254 588 habena

167 605 304 686 scilicet
317 607 412 682 unde
429 621 591 706 cogatur.
619 610 692 682 Vel
700 609 808 702 ipsam
822 607 1081 704 praestruxerim
1097 611 1254 689 &caete-

166 728 225 788 ras
246 705 451 791 officialium
468 729 688 783 coronarum
706 708 858 802 caussas,
884 707 1012 801 qubus
1030 710 1254 788 familiariffi

167 807 292 884 maest
307 805 504 882 advocatio
528 805 761 884 necesitatis:
795 831 878 884 cum
892 808 1029 882 idcirco
1048 827 1110 884 aut
1125 810 1256 890 officia

166 905 339 1005 fugienda
352 907 443 1004 sint,
469 929 518 987 ne.
530 909 567 982 in
582 907 716 983 delictis
733 909 951 984 incidamus:
978 923 1041 984 aut
1058 909 1093 984 o
1112 927 1254 1006 marty·

167 1011 222 1086 ria
238 1009 426 1086 toleranda
447 1008 538 1102 sint,
573 1023 616 1082 ut
640 1007 758 1084 officia
780 1031 995 1106 rumpamus.
1045 1009 1106 1084 De
1132 1012 1254 1106 prima

166 1107 287 1205 specie
301 1109 503 1201 quaeffionis
518 1110 625 1182 ctiam
639 1111 771 1184 militiae
784 1109 889 1206 ipsius
905 1107 1037 1182 illicitae
1052 1109 1155 1203 plura
1169 1133 1254 1188 non

166 1209 324 1301 faciam,
360 1224 402 1282 ut
422 1208 575 1293 secunda
590 1209 780 1306 reddatur,
817 1231 864 1284 ne
883 1209 908 1282 fi
925 1210 1022 1282 omni
1042 1231 1114 1304 ope
1134 1233 1254 1305 expu-

166 1309 249 1424 lero
267 1309 456 1402 militiam,
481 1307 610 1385 frustra
626 1310 700 1400 jam
718 1311 763 1384 de
785 1331 924 1386 corona
940 1309 1082 1384 militari
1104 1329 1252 1404 provo·

167 1410 288 1500 carim.
340 1408 431 1512 Puta
447 1409 599 1503 denique
612 1411 722 1484 licere
738 1411 899 1486 militiam
912 1407 1022 1502 usque
1037 1410 1081 1484 ad
1093 1409 1251 1486 caussam

167 1529 329 1588 corone.

245 1631 301 1686 ιι
328 1608 400 1684 Sed
422 1607 520 1686 &de
548 1627 689 1686 corona
713 1611 811 1706 prius
839 1609 964 1689 dicam.
1017 1573 1159 1688 Laurea
1184 1609 1249 1684 ista

167 1689 335 1805 Apollini
357 1712 421 1784 vel
439 1711 574 1786 Libero
598 1709 694 1786 sacra
711 1710 772 1786 est
823 1711 881 1786 llli
901 1725 944 1784 ut
968 1711 1038 1786 deo
1061 1713 1246 1803 telorum,

145 1836 148 1844 ·
167 1811 254 1888 huic
268 1825 310 1884 ut
325 1811 396 1886 deo
413 1812 688 1905 triumphorum.
740 1811 800 1884 Sic
819 1811 930 1890 docet
948 1809 1138 1906 Claudius,
1164 1831 1248 1884 etun

168 1912 205 1986 dt
232 1926 355 2003 myrto
381 1911 430 1984 ait
450 1913 580 1986 milites
605 1911 773 1986 redimiri
788 1909 916 1988 solare
968 1913 1125 1988 Veneris
1151 1911 1247 1986 enim

167 2025 330 2104 myrtum
354 2011 477 2084 matris
479 1999 753 2086 Aeneadarum
781 2011 889 2086 etiarn
919 2012 1077 2088 amicula
1114 2009 1246 2084 Martis

166 2131 233 2206 per
249 2109 350 2184 Iliam
368 2109 597 2184 &Romulos
617 2111 785 2188 Romani.
836 2110 957 2187 Sed&
974 2133 1044 2208 ego
1059 2113 1246 2186 Venerem

166 2231 246 2286 non
263 2211 375 2284 credo
391 2231 439 2284 ex
457 2211 524 2284 hac
544 2217 647 2304 parta
668 2231 751 2286 cum
774 2211 898 2286 Marte
916 2211 1138 2307 Romanam,
1176 2231 1248 2304 qua

132 2310 135 2316 '
166 2311 306 2408 pellicis
323 2309 430 2384 dolor
450 2309 512 2386 est.
540 2309 632 2388 eum
652 2311 688 2386 u
707 2313 791 2386 olea
810 2313 937 2386 militia
954 2327 1175 2404 coronatio,
1202 2309 1248 2384 ad

145 2411 376 2488 Minervam
395 2409 446 2484 est
461 2411 689 2506 idololatria,
722 2431 914 2488 armorum·
926 2429 1027 2505 eque
1045 2411 1159 2486 deam.
1186 2408 1247 2484 sed

78 2593 83 2606 ,
169 2512 206 2584 &
225 2511 306 2606 paci
325 2531 407 2586 cum
424 2509 603 2608 Neptuno
621 2511 717 2584 initae
731 2533 777 2586 ex
789 2514 857 2586 hac
872 2513 1001 2586 arbore
1018 2525 1245 2586 coronatam.

167 2609 211 2688 In
226 2612 281 2686 his
306 2612 375 2684 erit
400 2609 484 2686 serti
509 2611 668 2686 militaris
694 2609 894 2706 superstitio
922 2613 1057 2703 ubique
1079 2613 1245 2706 polluta,

166 2711 205 2798 da
229 2711 397 2803 polluens
424 2713 568 2805 omnia,
608 2733 685 2805 quae
713 2713 786 2806 jam
817 2713 1026 2806 polluantur
1051 2711 1087 2786 dt
1111 2709 1246 2786 caudis.

167 2809 269 2890 Ecce
286 2831 403 2883 annua
419 2826 596 2886 votorum
618 2814 842 2905 nuncupatio
862 2812 947 2906 quid
964 2810 1139 2886 videtin?
1172 2809 1245 2884 Pri-

57 2919 61 2925 ·
166 2911 279 2990 main
293 2909 501 3003 principiis,
528 2909 683 2986 secunda
702 2916 739 2986 in
754 2913 954 3005 Capitoliis.
1005 2909 1148 3003 Accipe
1162 2907 1244 3004 post

166 3010 431 3086 loca&verba:
454 3011 562 3084 Hunc
577 3011 1243 3106 tibiJuppiterbovemcornibruauro

169 3110 351 3188 decoratis
377 3131 559 3186 vovemus
586 3107 655 3186 else
683 3113 855 3190 sumtum.
926 3113 1036 3204 Cujus
1060 3109 1244 3184 sententiar

168 3234 249 3292 vox
267 3207 343 3284 estl
367 3209 493 3303 utiquc
511 3213 724 3308 negationis.
773 3209 920 3288 Etiamsi
935 3227 1032 3286 tacet
1047 3211 1120 3284 illic
1142 3209 1244 3284 Chri-

167 3313 302 3390 stianus
318 3329 396 3386 ore
422 3325 620 3386 coronatio
640 3313 759 3406 capite
777 3309 854 3408 resp
858 3313 972 3388 ondit.
998 3310 1136 3384 Eadem
1149 3309 1243 3384 Lau-

168 3433 233 3490 rea
245 3415 281 3506 in
299 3413 466 3488 donativi
480 3409 739 3508 dispensatione
752 3411 993 3488 denuntiatur
1040 3409 1149 3484 Plane
1165 3431 1243 3484 non

169 3498 325 3612 gratuita
338 3511 567 3604 idololatria,
603 3512 776 3604 aliquibus
798 3513 913 3584 aureis
930 3512 1121 3586 venditans
1142 3508 1243 3584 Chri·

167 3613 288 3708 stum,
312 3623 356 3688 ut
371 3612 547 3709 argenteis
564 3609 686 3705 Judas.
735 3610 822 3684 Hoc
840 3612 929 3686 erit.
956 3616 1035 3686 Νιιι
1051 3612 1174 3706 potestis
1189 3613 1243 3682 deo

162 3713 293 3804 servire
311 3713 352 3788 (ι
369 3735 561 3786 mmmm
615 3711 835 3789 Mammonae
853 3733 996 3788 manum
1016 3712 1179 3804 tradere,
1205 3711 1242 3784 dt

47 3825 56 3844 ·
106 3827 109 3838 ’
170 3812 214 3886 ab
237 3833 284 3888 eo
305 3812 486 3890 absistere:
511 3811 585 3887 hoc
602 3809 674 3908 est,
706 3814 838 3886 Reddite
853 3837 919 3912 qua
928 3815 1011 3904 fimi
1033 3813 1243 3904 Castris&-

1099 3911 1192 4004 fiiri,
