2598 4328
40 235 43 250 ·
150 196 224 287 ada
288 185 677 292 'Q.'8nrr.Fton
701 189 1085 273 Turdorum·

148 353 321 432 marcion
330 367 446 452 negat
496 347 640 454 Eligant
655 357 775 452 itaque
791 356 1039 452 Marcionitae,
1067 379 1116 434 ne
1129 361 1224 436 tanti
1284 421 1286 432 .

146 455 215 548 fit,
241 453 286 528 de
300 455 452 553 magistri
472 459 595 552 regula
618 458 808 553 excidere,
836 481 939 552 quam
958 458 1135 534 Christum
1155 473 1226 534 aut
1284 437 1286 491 Ι

151 555 355 630 hominibus
380 569 441 628 aut
462 559 616 630 creatori
633 557 826 632 docentem
843 561 984 634 habere.
1036 559 1107 634 Sed
1126 587 1224 630 cacus

149 678 260 726 utum
275 661 362 727 ducit
378 663 412 726 sn
425 657 565 749 foueam.
606 655 767 730 Credunt
787 660 891 750 aliqui
905 657 1095 733 Marcioni.
1146 659 1225 733 Sed

148 779 219 828 mn
244 755 285 855 ep
307 756 473 852 disciputus
485 757 579 852 super
602 759 787 854 magistrum.
842 757 927 832 Hoc
942 755 1134 835 meminisse
1160 757 1225 833 de·

148 855 281 930 buerat
304 851 476 949 Apeiles,
500 855 701 931 Marcionis
726 859 770 931 de
796 855 967 951 discipulo
994 859 1224 934 emendator.

147 957 291 1030 'Eximat
311 957 350 1032 6
366 963 400 1026 de
417 959 500 1026 oculo
510 959 567 1048 suo
581 958 698 1028 trabem
725 957 933 1051 haereticus,
968 973 1046 1028 tunc
1071 965 1108 1028 in
1132 960 1223 1029 oculo

147 1054 352 1150 ¹christiani,
383 1055 533 1148 siquam
553 1069 656 1149 putat
673 1045 839 1154 stipadium,
866 1061 1034 1129 revincat:
1058 1057 1216 1150 proinde

152 1155 189 1229 dt
204 1161 297 1227 arbor
318 1157 394 1226 tona
414 1181 480 1226 non
492 1157 635 1253 proferat
651 1158 767 1228 malum
776 1155 944 1251 studium,
965 1157 1132 1250 quiante
1149 1179 1219 1229 ve·

66 1339 70 1347 ,
149 1255 238 1329 ritas
259 1257 433 1330 haeresrm:
453 1282 514 1326 mc
529 1257 611 1328 maia
627 1259 756 1328 bonum:
782 1259 864 1349 quia
878 1277 947 1330 nec
967 1257 1101 1329 haeresrs
1119 1255 1218 1327 veri-

14 1393 18 1408 ·
153 1369 276 1442 tatem.
326 1354 384 1428 Sic
397 1381 453 1426 nec
465 1355 632 1430 Marcion
645 1357 767 1452 aliquid
779 1359 899 1428 barride
914 1357 1060 1446 thesauro
1079 1354 1218 1427 Cerdo·

147 1455 208 1528 'nis
225 1457 474 1549 maso-protulit,
501 1476 569 1529 nec
593 1455 740 1548 Apelles
763 1457 807 1532 de
830 1455 1040 1530 Marcionis.
1088 1453 1217 1527 Multo

150 1553 249 1631 onim
283 1555 359 1628 baec
392 1555 648 1653 congruentius
679 1557 716 1628 in
748 1555 842 1650 ipsos
879 1553 1215 1648 interpretabimur,

150 1673 232 1747 quae
256 1652 411 1729 Christus
434 1656 470 1730 in
492 1655 655 1730 homines
673 1655 942 1752 allegorizavit,
968 1675 1042 1728 non
1064 1651 1099 1725 in
1120 1654 1216 1726 duos

146 1749 286 1847 Deos,
324 1753 514 1828 secundum
538 1753 736 1827 scandalum
764 1753 973 1828 Marcionis.
1033 1753 1127 1824 Puto
1154 1773 1217 1826 me
1280 1767 1285 1784 ·

152 1870 231 1926 non
250 1869 384 1926 temere
400 1857 472 1928 buc
491 1854 600 1946 usque
617 1853 731 1926 adbuc
748 1855 850 1928 lineae
863 1853 1037 1944 institere,
1064 1868 1132 1942 qua
1154 1851 1216 1924 de·

150 1951 267 2045 finio,
292 1951 459 2044 nusquam
481 1953 629 2028 omnino
646 1953 749 2025 alium
769 1951 888 2026 Deum
906 1975 926 2026 a
948 1950 1088 2026 Christo
1106 1969 1213 2024 reve-⁴

57 2103 66 2133 ,
151 2053 276 2128 latum.
327 2049 369 2124 In
389 2054 461 2125 hoc
475 2051 553 2126 solo
574 2049 782 2124 adulterium
791 2051 989 2126 Marcionis
1005 2069 1127 2123 manue
1144 2049 1216 2122 stu-

179 2149 265 2225 uisse
279 2149 411 2248 miror,
435 2151 497 2224 nisi
512 2150 611 2244 quod
630 2151 735 2224 etiam
757 2153 915 2224 latrones
933 2153 1071 2224 timent.
1121 2149 1214 2222 Nul-

147 2172 228 2327 fum
247 2247 457 2326 maleficium
471 2249 543 2324 srne
555 2249 744 2323 formidine
758 2249 828 2343 est,
857 2253 936 2344 quia
951 2271 1019 2324 nec
1035 2249 1106 2322 sane
1124 2269 1214 2320 con·

147 2351 301 2426 ruentia
316 2347 377 2425 sui.
426 2347 517 2423 Tam
537 2347 596 2422 diu
612 2347 698 2446 ergo
714 2349 867 2446 &Judaei
886 2373 961 2422 non
975 2351 1078 2422 alium
1094 2348 1215 2422 Deum

152 2464 308 2544 norant,
335 2469 437 2542 quam
456 2462 585 2543 praeter
609 2469 714 2542 quem
732 2449 908 2522 nerninem
927 2449 1043 2523 adhuc
1058 2459 1211 2521 norant:

155 2569 225 2624 nec
242 2549 347 2622 alium
360 2548 480 2622 Deum
502 2547 745 2642 appeliabant,
768 2551 876 2642 'quam
892 2569 995 2642 quem
1012 2549 1123 2622 solum
1145 2567 1215 2618 no-

152 2659 245 2722 rant.
296 2645 332 2720 Si
350 2647 400 2720 ita
417 2645 488 2742 est,
515 2649 590 2740 quis
605 2647 786 2721 videbitur
800 2647 941 2742 dixisse,
967 2652 1042 2748 qaid
1056 2671 1147 2719 vocas
1160 2651 1215 2719 da·

83 2762 84 2768 ‘
152 2752 239 2819 mine
252 2741 403 2818 umine?
425 2745 621 2821 Utrumne
640 2748 700 2838 qui
718 2767 895 2840 nunquam
919 2749 992 2822 boc
1010 2747 1125 2822 fuerat
1144 2763 1216 2819 vo·

154 2857 278 2939 catus,
303 2855 346 2918 ut
361 2843 529 2936 nusquam
548 2845 662 2920 adbuc
685 2845 829 2921 editus?
860 2846 919 2920 An
934 2847 1019 2941 ilie,
1053 2845 1216 2939 quisent-

150 2966 219 3044 per
243 2943 407 3019 dominus
432 2945 649 3040 habebatur,
679 2957 722 3018 ut
745 2965 765 3018 a
788 2947 985 3039 primordio
1012 2945 1215 3042 cognitus?

149 3045 256 3121 'Deus
274 3041 407 3120 scilicet
424 3043 636 3140 Judaeorum.
724 3041 778 3118 uis
796 3047 882 3119 item
901 3045 1062 3140 adjecisse
1079 3041 1215 3142 potuis-

147 3143 227 3240 set,
252 3143 293 3222 (5
304 3145 496 3239 manseritis
510 3170 576 3243 qua
591 3145 673 3216 dito?
734 3157 909 3240 numne,
938 3146 999 3238 qui
1010 3163 1088 3220 cum
1105 3146 1216 3220 maxi·

129 3263 213 3322 me
227 3245 389 3319 edocere
406 3246 587 3318 tentabat:
615 3265 659 3317 an
677 3243 736 3338 qui
757 3265 776 3318 a
798 3247 995 3338 primordio
1014 3245 1057 3320 ad
1072 3247 1155 3319 ilios
1177 3245 1216 3318 ἀ

151 3343 242 3442 legis
257 3343 558 3440 &prophetarum
575 3344 730 3436 elioquia
745 3344 1001 3419 mandaverat?
1028 3345 1100 3444 Qui
1117 3345 1151 3416 dt
1160 3344 1216 3417 in-

125 3443 420 3538 obaudientiam
444 3441 512 3515 iiiia
533 3443 752 3538 exprobrare
780 3441 921 3540 posset,
947 3446 1051 3518 etiam
1074 3442 1100 3518 si
1122 3455 1216 3520 nun'·

146 3559 258 3641 qoam
281 3543 364 3618 ah'as
390 3541 661 3638 exprobrasset?
682 3543 800 3616 Porro
820 3545 882 3636 qui
905 3557 986 3618 ante
1012 3541 1213 3638 Christum,

148 3643 307 3736 populus
323 3641 387 3715 iste
401 3663 459 3718 me
474 3641 573 3716 labiis
589 3643 721 3740 dssigit,
748 3663 815 3716 tor
827 3641 944 3718 autern
959 3663 1084 3718 eorum
1102 3645 1215 3740 iunge

31 3772 33 3786 =
131 3737 424 3838 ‚absistitame‘,-
450 3743 686 3818 concionatus
711 3743 787 3838 est,
817 3747 1213 3839 veteremutique·iss1·s

147 3839 414 3919 tontumaeiard
432 3841 642 3939 morabot
672 3842 864 3939 Alioquin
876 3863 986 3940 quam
1004 3835 1211 3943 numum),

270 3999 273 4010 .
321 3956 329 3980 ²
1112 3959 1155 4018 ut
1209 3979 1214 3986 ·
