<?xml version="1.0" encoding="UTF-8"?>
<!DOCTYPE html PUBLIC "-//W3C//DTD XHTML 1.0 Transitional//EN"
    "http://www.w3.org/TR/xhtml1/DTD/xhtml1-transitional.dtd">
<html xmlns="http://www.w3.org/1999/xhtml" xml:lang="en" lang="en">
 <head>
  <title>
</title>
<meta http-equiv="Content-Type" content="text/html;charset=utf-8" />
  <meta name='ocr-system' content='tesseract 3.04.00' />
  <meta name='ocr-capabilities' content='ocr_page ocr_carea ocr_par ocr_line ocrx_word'/>
</head>
<body>
  <div class='ocr_page' id='page_1' title='image "./operaomnia01tertgoog/operaomnia01tertgoog_0612.png"; bbox 0 0 2608 4338; ppageno 0'>
   <div class='ocr_carea' id='block_1_1' title="bbox 43 123 1098 268">
    <p class='ocr_par' dir='ltr' id='par_1_1' title="bbox 43 123 1098 291">
     <span class='ocr_line' id='line_1_1' title="bbox 43 123 1098 268; baseline -0.015 -20"><span class='ocrx_word' id='word_1_1' title='bbox 43 170 46 182; x_wconf 84' lang='lat'>&#39;</span> <span class='ocrx_word' id='word_1_2' title='bbox 159 165 231 266; x_wconf 75' lang='lat'>576</span> <span class='ocrx_word' id='word_1_3' title='bbox 299 149 678 268; x_wconf 42' lang='lat' dir='ltr'>Quernrro&#39;n</span> <span class='ocrx_word' id='word_1_4' title='bbox 704 123 1098 244; x_wconf 60' lang='lat' dir='ltr'>terruerim]</span> 
     </span>
    </p>
   </div>
   <div class='ocr_carea' id='block_1_2' title="bbox 74 325 1296 1424">
    <p class='ocr_par' dir='ltr' id='par_1_2' title="bbox 74 325 1296 1424">
     <span class='ocr_line' id='line_1_2' title="bbox 74 325 1223 420; baseline 0.002 -16"><span class='ocrx_word' id='word_1_5' title='bbox 74 387 82 404; x_wconf 71' lang='grc'>,</span> <span class='ocrx_word' id='word_1_6' title='bbox 156 327 353 406; x_wconf 65' lang='lat' dir='ltr'>&amp;sanabo</span> <span class='ocrx_word' id='word_1_7' title='bbox 408 325 512 402; x_wconf 85' lang='lat' dir='ltr'>Olim</span> <span class='ocrx_word' id='word_1_8' title='bbox 522 325 697 420; x_wconf 89' lang='lat' dir='ltr'>duplicem</span> <span class='ocrx_word' id='word_1_9' title='bbox 713 329 788 402; x_wconf 89' lang='lat' dir='ltr'>viru</span> <span class='ocrx_word' id='word_1_10' title='bbox 806 331 978 404; x_wconf 87' lang='lat' dir='ltr'>creatoris</span> <span class='ocrx_word' id='word_1_11' title='bbox 996 329 1223 406; x_wconf 77' lang='lat' dir='ltr'>vindicamus</span> 
     </span>
     <span class='ocr_line' id='line_1_3' title="bbox 156 427 1221 527; baseline 0 -22"><span class='ocrx_word' id='word_1_12' title='bbox 156 431 192 505; x_wconf 79' lang='lat' dir='ltr'>o</span> <span class='ocrx_word' id='word_1_13' title='bbox 201 429 328 524; x_wconf 76' lang='lat' dir='ltr'>iudicis</span> <span class='ocrx_word' id='word_1_14' title='bbox 347 427 380 502; x_wconf 72' lang='grc' dir='ltr'>δι</span> <span class='ocrx_word' id='word_1_15' title='bbox 396 428 507 522; x_wconf 92' lang='lat' dir='ltr'>boni,</span> <span class='ocrx_word' id='word_1_16' title='bbox 532 428 635 502; x_wconf 78' lang='lat' dir='ltr'>litera</span> <span class='ocrx_word' id='word_1_17' title='bbox 650 427 849 502; x_wconf 87' lang='lat' dir='ltr'>occidentis</span> <span class='ocrx_word' id='word_1_18' title='bbox 864 450 927 524; x_wconf 90' lang='lat' dir='ltr'>per</span> <span class='ocrx_word' id='word_1_19' title='bbox 940 431 1077 526; x_wconf 86' lang='lat' dir='ltr'>legem,</span> <span class='ocrx_word' id='word_1_20' title='bbox 1101 432 1141 518; x_wconf 52' lang='grc' dir='ltr'>δι,</span> <span class='ocrx_word' id='word_1_21' title='bbox 1155 427 1221 527; x_wconf 84' lang='lat' dir='ltr'>spi·</span> 
     </span>
     <span class='ocr_line' id='line_1_4' title="bbox 155 521 1219 624; baseline 0.002 -20"><span class='ocrx_word' id='word_1_22' title='bbox 155 531 228 604; x_wconf 90' lang='lat' dir='ltr'>ritu</span> <span class='ocrx_word' id='word_1_23' title='bbox 247 525 460 602; x_wconf 87' lang='lat' dir='ltr'>vivificantis</span> <span class='ocrx_word' id='word_1_24' title='bbox 475 547 538 624; x_wconf 90' lang='lat' dir='ltr'>per</span> <span class='ocrx_word' id='word_1_25' title='bbox 555 521 800 624; x_wconf 82' lang='lat' dir='ltr'>Evangelium.</span> <span class='ocrx_word' id='word_1_26' title='bbox 851 527 940 602; x_wconf 91' lang='lat' dir='ltr'>Non</span> <span class='ocrx_word' id='word_1_27' title='bbox 956 529 1100 624; x_wconf 80' lang='lat' dir='ltr'>possunt</span> <span class='ocrx_word' id='word_1_28' title='bbox 1124 533 1219 606; x_wconf 88' lang='lat' dir='ltr'>duos</span> 
     </span>
     <span class='ocr_line' id='line_1_5' title="bbox 105 613 1218 726; baseline -0.001 -20"><span class='ocrx_word' id='word_1_29' title='bbox 105 613 111 639; x_wconf 67' lang='lat'><strong><em>⁴</em></strong></span> <span class='ocrx_word' id='word_1_30' title='bbox 153 629 257 706; x_wconf 83' lang='lat' dir='ltr'>Deos</span> <span class='ocrx_word' id='word_1_31' title='bbox 274 627 417 722; x_wconf 83' lang='lat' dir='ltr'>secere,</span> <span class='ocrx_word' id='word_1_32' title='bbox 445 627 503 722; x_wconf 93' lang='lat' dir='ltr'>qui</span> <span class='ocrx_word' id='word_1_33' title='bbox 521 626 555 700; x_wconf 79' lang='lat' dir='ltr'>o</span> <span class='ocrx_word' id='word_1_34' title='bbox 571 626 596 700; x_wconf 93' lang='lat' dir='ltr'>s1</span> <span class='ocrx_word' id='word_1_35' title='bbox 610 625 771 722; x_wconf 87' lang='lat' dir='ltr'>diversa,</span> <span class='ocrx_word' id='word_1_36' title='bbox 799 629 891 726; x_wconf 86' lang='lat' dir='ltr'>apud</span> <span class='ocrx_word' id='word_1_37' title='bbox 912 649 1021 702; x_wconf 86' lang='lat' dir='ltr'>unum</span> <span class='ocrx_word' id='word_1_38' title='bbox 1040 632 1218 704; x_wconf 88' lang='lat' dir='ltr'>recenseri</span> 
     </span>
     <span class='ocr_line' id='line_1_6' title="bbox 152 726 1222 829; baseline 0 -27"><span class='ocrx_word' id='word_1_39' title='bbox 152 741 416 829; x_wconf 77' lang='lat' dir='ltr'>prevenerunt.</span> <span class='ocrx_word' id='word_1_40' title='bbox 481 726 809 802; x_wconf 87' lang='lat' dir='ltr'>Commemorat&amp;</span> <span class='ocrx_word' id='word_1_41' title='bbox 841 733 877 802; x_wconf 82' lang='lat' dir='ltr'>de</span> <span class='ocrx_word' id='word_1_42' title='bbox 902 731 1058 812; x_wconf 73' lang='lat' dir='ltr'>velamine</span> <span class='ocrx_word' id='word_1_43' title='bbox 1089 734 1222 826; x_wconf 54' lang='lat' dir='ltr'>Muyfi,</span> 
     </span>
     <span class='ocr_line' id='line_1_7' title="bbox 153 828 1222 932; baseline 0.004 -32"><span class='ocrx_word' id='word_1_44' title='bbox 153 857 213 932; x_wconf 63' lang='lat' dir='ltr'>quo</span> <span class='ocrx_word' id='word_1_45' title='bbox 220 831 338 922; x_wconf 73' lang='lat' dir='ltr'>faciem</span> <span class='ocrx_word' id='word_1_46' title='bbox 360 828 497 924; x_wconf 77' lang='lat' dir='ltr'>tegebar,</span> <span class='ocrx_word' id='word_1_47' title='bbox 513 828 821 924; x_wconf 22' lang='lat' dir='ltr'>,incontemplabilem</span> <span class='ocrx_word' id='word_1_48' title='bbox 835 828 918 922; x_wconf 74' lang='lat' dir='ltr'>filiis</span> <span class='ocrx_word' id='word_1_49' title='bbox 939 832 1043 918; x_wconf 77' lang='lat' dir='ltr'>lsrael.</span> <span class='ocrx_word' id='word_1_50' title='bbox 1087 835 1128 904; x_wconf 89' lang='lat' dir='ltr'>Si</span> <span class='ocrx_word' id='word_1_51' title='bbox 1139 837 1222 914; x_wconf 59' lang='lat' dir='ltr'>idme</span> 
     </span>
     <span class='ocr_line' id='line_1_8' title="bbox 152 923 1223 1028; baseline 0 -24"><span class='ocrx_word' id='word_1_52' title='bbox 152 934 383 1005; x_wconf 65' lang='lat' dir='ltr'>«celeritatem</span> <span class='ocrx_word' id='word_1_53' title='bbox 398 932 544 1026; x_wconf 79' lang='lat' dir='ltr'>majorem</span> <span class='ocrx_word' id='word_1_54' title='bbox 562 923 737 1028; x_wconf 72' lang='lat' dir='ltr'>defenderet</span> <span class='ocrx_word' id='word_1_55' title='bbox 750 934 829 999; x_wconf 78' lang='lat' dir='ltr'>novi</span> <span class='ocrx_word' id='word_1_56' title='bbox 842 927 1036 1028; x_wconf 71' lang='lat' dir='ltr'>testamenti,</span> <span class='ocrx_word' id='word_1_57' title='bbox 1062 935 1139 1028; x_wconf 75' lang='lat' dir='ltr'>quod</span> <span class='ocrx_word' id='word_1_58' title='bbox 1151 955 1223 1004; x_wconf 83' lang='lat' dir='ltr'>ma·</span> 
     </span>
     <span class='ocr_line' id='line_1_9' title="bbox 152 1031 1219 1128; baseline 0.004 -24"><span class='ocrx_word' id='word_1_59' title='bbox 152 1049 210 1104; x_wconf 80' lang='lat' dir='ltr'>rtet</span> <span class='ocrx_word' id='word_1_60' title='bbox 229 1038 266 1100; x_wconf 84' lang='lat' dir='ltr'>in</span> <span class='ocrx_word' id='word_1_61' title='bbox 279 1031 400 1123; x_wconf 77' lang='lat' dir='ltr'>gloria,</span> <span class='ocrx_word' id='word_1_62' title='bbox 427 1054 520 1128; x_wconf 77' lang='lat' dir='ltr'>quam</span> <span class='ocrx_word' id='word_1_63' title='bbox 538 1034 677 1115; x_wconf 83' lang='lat' dir='ltr'>veteris,</span> <span class='ocrx_word' id='word_1_64' title='bbox 704 1031 783 1126; x_wconf 79' lang='lat' dir='ltr'>quod</span> <span class='ocrx_word' id='word_1_65' title='bbox 803 1036 950 1102; x_wconf 79' lang='lat' dir='ltr'>evacuari</span> <span class='ocrx_word' id='word_1_66' title='bbox 968 1032 1117 1104; x_wconf 73' lang='lat' dir='ltr'>habebar:</span> <span class='ocrx_word' id='word_1_67' title='bbox 1142 1032 1219 1108; x_wconf 83' lang='lat' dir='ltr'>hoc</span> 
     </span>
     <span class='ocr_line' id='line_1_10' title="bbox 153 1125 1218 1228; baseline -0.003 -21"><span class='ocrx_word' id='word_1_68' title='bbox 153 1133 189 1207; x_wconf 74' lang='grc' dir='ltr'>ἂ</span> <span class='ocrx_word' id='word_1_69' title='bbox 204 1149 291 1206; x_wconf 85' lang='lat' dir='ltr'>meae</span> <span class='ocrx_word' id='word_1_70' title='bbox 311 1129 486 1202; x_wconf 85' lang='lat' dir='ltr'>convenit</span> <span class='ocrx_word' id='word_1_71' title='bbox 512 1125 597 1202; x_wconf 91' lang='lat' dir='ltr'>fidei</span> <span class='ocrx_word' id='word_1_72' title='bbox 620 1129 844 1224; x_wconf 75' lang='lat' dir='ltr'>preponenti</span> <span class='ocrx_word' id='word_1_73' title='bbox 865 1127 1100 1228; x_wconf 85' lang='lat' dir='ltr'>Evangelium</span> <span class='ocrx_word' id='word_1_74' title='bbox 1123 1132 1218 1226; x_wconf 81' lang='lat' dir='ltr'>legi;</span> 
     </span>
     <span class='ocr_line' id='line_1_11' title="bbox 153 1225 1296 1324; baseline -0.002 -18"><span class='ocrx_word' id='word_1_75' title='bbox 153 1225 192 1306; x_wconf 77' lang='lat' dir='ltr'>br</span> <span class='ocrx_word' id='word_1_76' title='bbox 203 1230 287 1304; x_wconf 93' lang='lat' dir='ltr'>vide</span> <span class='ocrx_word' id='word_1_77' title='bbox 303 1250 349 1304; x_wconf 89' lang='lat' dir='ltr'>ne</span> <span class='ocrx_word' id='word_1_78' title='bbox 364 1227 470 1324; x_wconf 84' lang='lat' dir='ltr'>magis</span> <span class='ocrx_word' id='word_1_79' title='bbox 481 1249 578 1302; x_wconf 87' lang='lat' dir='ltr'>meae.</span> <span class='ocrx_word' id='word_1_80' title='bbox 629 1227 707 1302; x_wconf 88' lang='lat' dir='ltr'>Illic</span> <span class='ocrx_word' id='word_1_81' title='bbox 721 1231 813 1304; x_wconf 90' lang='lat' dir='ltr'>enim</span> <span class='ocrx_word' id='word_1_82' title='bbox 826 1229 894 1302; x_wconf 88' lang='lat' dir='ltr'>erit</span> <span class='ocrx_word' id='word_1_83' title='bbox 911 1228 1100 1323; x_wconf 82' lang='lat' dir='ltr'>superponi</span> <span class='ocrx_word' id='word_1_84' title='bbox 1116 1231 1217 1324; x_wconf 90' lang='lat' dir='ltr'>quid,</span> <span class='ocrx_word' id='word_1_85' title='bbox 1294 1249 1296 1254; x_wconf 84' lang='lat'>·</span> 
     </span>
     <span class='ocr_line' id='line_1_12' title="bbox 149 1327 1215 1424; baseline -0.004 -19"><span class='ocrx_word' id='word_1_86' title='bbox 149 1331 214 1406; x_wconf 88' lang='lat' dir='ltr'>nbi</span> <span class='ocrx_word' id='word_1_87' title='bbox 232 1329 341 1406; x_wconf 87' lang='lat' dir='ltr'>fuerit</span> <span class='ocrx_word' id='word_1_88' title='bbox 359 1327 392 1402; x_wconf 78' lang='lat' dir='ltr'>bt</span> <span class='ocrx_word' id='word_1_89' title='bbox 411 1329 515 1422; x_wconf 86' lang='lat' dir='ltr'>illud,</span> <span class='ocrx_word' id='word_1_90' title='bbox 542 1328 601 1401; x_wconf 87' lang='lat' dir='ltr'>cui</span> <span class='ocrx_word' id='word_1_91' title='bbox 622 1327 881 1424; x_wconf 86' lang='lat' dir='ltr'>superponitur.</span> <span class='ocrx_word' id='word_1_92' title='bbox 929 1328 983 1402; x_wconf 84' lang='lat' dir='ltr'>At</span> <span class='ocrx_word' id='word_1_93' title='bbox 1005 1351 1085 1404; x_wconf 90' lang='lat' dir='ltr'>curn</span> <span class='ocrx_word' id='word_1_94' title='bbox 1107 1329 1215 1424; x_wconf 85' lang='lat' dir='ltr'>dicit,</span> 
     </span>
    </p>
   </div>
   <div class='ocr_carea' id='block_1_3' title="bbox 4 1427 1214 1524">
    <p class='ocr_par' dir='ltr' id='par_1_3' title="bbox 4 1427 1214 1524">
     <span class='ocr_line' id='line_1_13' title="bbox 4 1427 1214 1524; baseline -0.001 -21"><span class='ocrx_word' id='word_1_95' title='bbox 4 1453 6 1460; x_wconf 91' lang='lat'>·</span> <span class='ocrx_word' id='word_1_96' title='bbox 147 1433 202 1520; x_wconf 75' lang='lat' dir='ltr'>led</span> <span class='ocrx_word' id='word_1_97' title='bbox 217 1431 310 1524; x_wconf 55' lang='lat' dir='ltr'>christ</span> <span class='ocrx_word' id='word_1_98' title='bbox 321 1435 417 1518; x_wconf 62' lang='lat' dir='ltr'>tunt,</span> <span class='ocrx_word' id='word_1_99' title='bbox 440 1429 547 1518; x_wconf 77' lang='lat' dir='ltr'>sensus</span> <span class='ocrx_word' id='word_1_100' title='bbox 563 1433 691 1517; x_wconf 82' lang='lat' dir='ltr'>mundi,</span> <span class='ocrx_word' id='word_1_101' title='bbox 718 1451 793 1502; x_wconf 91' lang='lat' dir='ltr'>non</span> <span class='ocrx_word' id='word_1_102' title='bbox 807 1429 929 1520; x_wconf 88' lang='lat' dir='ltr'>utique</span> <span class='ocrx_word' id='word_1_103' title='bbox 941 1429 1132 1522; x_wconf 85' lang='lat' dir='ltr'>creatoris,</span> <span class='ocrx_word' id='word_1_104' title='bbox 1153 1427 1214 1504; x_wconf 89' lang='lat' dir='ltr'>sed</span> 
     </span>
    </p>
   </div>
   <div class='ocr_carea' id='block_1_4' title="bbox 146 1523 1299 2623">
    <p class='ocr_par' dir='ltr' id='par_1_4' title="bbox 146 1523 1299 2623">
     <span class='ocr_line' id='line_1_14' title="bbox 150 1523 1212 1628; baseline -0.004 -24"><span class='ocrx_word' id='word_1_105' title='bbox 150 1529 298 1628; x_wconf 86' lang='lat' dir='ltr'>populi,</span> <span class='ocrx_word' id='word_1_106' title='bbox 322 1529 437 1622; x_wconf 92' lang='lat' dir='ltr'>quiin</span> <span class='ocrx_word' id='word_1_107' title='bbox 457 1527 671 1604; x_wconf 80' lang='lat' dir='ltr'>inundoest.</span> <span class='ocrx_word' id='word_1_108' title='bbox 723 1526 780 1601; x_wconf 91' lang='lat' dir='ltr'>De</span> <span class='ocrx_word' id='word_1_109' title='bbox 802 1523 903 1602; x_wconf 84' lang='lat' dir='ltr'>lsrael</span> <span class='ocrx_word' id='word_1_110' title='bbox 924 1531 1017 1603; x_wconf 87' lang='lat' dir='ltr'>enim</span> <span class='ocrx_word' id='word_1_111' title='bbox 1035 1529 1143 1622; x_wconf 87' lang='lat' dir='ltr'>dicit,</span> <span class='ocrx_word' id='word_1_112' title='bbox 1167 1535 1212 1600; x_wconf 71' lang='lat' dir='ltr'>aa</span> 
     </span>
     <span class='ocr_line' id='line_1_15' title="bbox 149 1625 1249 1724; baseline -0.005 -20"><span class='ocrx_word' id='word_1_113' title='bbox 149 1633 339 1704; x_wconf 80' lang='lat' dir='ltr'>hodiernum</span> <span class='ocrx_word' id='word_1_114' title='bbox 359 1629 467 1722; x_wconf 77' lang='lat' dir='ltr'>usque,</span> <span class='ocrx_word' id='word_1_115' title='bbox 501 1631 642 1698; x_wconf 79' lang='lat' dir='ltr'>ueiumen</span> <span class='ocrx_word' id='word_1_116' title='bbox 654 1649 668 1713; x_wconf 76' lang='lat'>‚¹</span> <span class='ocrx_word' id='word_1_117' title='bbox 701 1627 846 1724; x_wconf 81' lang='lat' dir='ltr'>idipsum</span> <span class='ocrx_word' id='word_1_118' title='bbox 863 1637 901 1697; x_wconf 80' lang='lat' dir='ltr'>&#39;in</span> <span class='ocrx_word' id='word_1_119' title='bbox 924 1633 1008 1697; x_wconf 81' lang='lat' dir='ltr'>corde</span> <span class='ocrx_word' id='word_1_120' title='bbox 1027 1653 1146 1714; x_wconf 76' lang='lat' dir='ltr'>eorum,</span> <span class='ocrx_word' id='word_1_121' title='bbox 1172 1625 1215 1707; x_wconf 84' lang='lat' dir='ltr'>fi·</span> <span class='ocrx_word' id='word_1_122' title='bbox 1239 1705 1249 1714; x_wconf 57' lang='lat'>‚</span> 
     </span>
     <span class='ocr_line' id='line_1_16' title="bbox 150 1725 1214 1830; baseline -0.001 -26"><span class='ocrx_word' id='word_1_123' title='bbox 150 1751 273 1830; x_wconf 83' lang='lat' dir='ltr'>gurarn</span> <span class='ocrx_word' id='word_1_124' title='bbox 291 1727 445 1804; x_wconf 89' lang='lat' dir='ltr'>ostendit</span> <span class='ocrx_word' id='word_1_125' title='bbox 460 1725 559 1802; x_wconf 85' lang='lat' dir='ltr'>fuisse</span> <span class='ocrx_word' id='word_1_126' title='bbox 573 1731 736 1802; x_wconf 86' lang='lat' dir='ltr'>velamen</span> <span class='ocrx_word' id='word_1_127' title='bbox 754 1728 856 1800; x_wconf 86' lang='lat' dir='ltr'>faciei</span> <span class='ocrx_word' id='word_1_128' title='bbox 873 1728 910 1800; x_wconf 94' lang='lat' dir='ltr'>in</span> <span class='ocrx_word' id='word_1_129' title='bbox 932 1725 1089 1820; x_wconf 82' lang='lat' dir='ltr'>Moyse,</span> <span class='ocrx_word' id='word_1_130' title='bbox 1115 1730 1214 1803; x_wconf 82' lang='lat' dir='ltr'>vela·</span> 
     </span>
     <span class='ocr_line' id='line_1_17' title="bbox 148 1827 1214 1924; baseline -0.008 -16"><span class='ocrx_word' id='word_1_131' title='bbox 148 1831 258 1908; x_wconf 88' lang='lat' dir='ltr'>minis&#39;</span> <span class='ocrx_word' id='word_1_132' title='bbox 266 1829 384 1902; x_wconf 91' lang='lat' dir='ltr'>cordis</span> <span class='ocrx_word' id='word_1_133' title='bbox 398 1829 433 1900; x_wconf 93' lang='lat' dir='ltr'>in</span> <span class='ocrx_word' id='word_1_134' title='bbox 453 1831 613 1920; x_wconf 84' lang='lat' dir='ltr'>populo,</span> <span class='ocrx_word' id='word_1_135' title='bbox 641 1831 721 1920; x_wconf 85' lang='lat' dir='ltr'>quia</span> <span class='ocrx_word' id='word_1_136' title='bbox 739 1851 806 1900; x_wconf 88' lang='lat' dir='ltr'>nee</span> <span class='ocrx_word' id='word_1_137' title='bbox 821 1849 916 1899; x_wconf 88' lang='lat' dir='ltr'>nunc</span> <span class='ocrx_word' id='word_1_138' title='bbox 930 1827 1021 1924; x_wconf 87' lang='lat' dir='ltr'>apud</span> <span class='ocrx_word' id='word_1_139' title='bbox 1035 1827 1116 1902; x_wconf 89' lang='lat' dir='ltr'>iilos</span> <span class='ocrx_word' id='word_1_140' title='bbox 1130 1847 1214 1920; x_wconf 87' lang='lat' dir='ltr'>per·</span> 
     </span>
     <span class='ocr_line' id='line_1_18' title="bbox 148 1925 1213 2025; baseline -0.007 -19"><span class='ocrx_word' id='word_1_141' title='bbox 148 1929 316 2024; x_wconf 82' lang='lat' dir='ltr'>spiciatur</span> <span class='ocrx_word' id='word_1_142' title='bbox 334 1925 482 2018; x_wconf 86' lang='lat' dir='ltr'>Moyses</span> <span class='ocrx_word' id='word_1_143' title='bbox 498 1927 634 2018; x_wconf 90' lang='lat' dir='ltr'>corde,</span> <span class='ocrx_word' id='word_1_144' title='bbox 670 1927 758 1999; x_wconf 89' lang='lat' dir='ltr'>srcut</span> <span class='ocrx_word' id='word_1_145' title='bbox 772 1947 838 1998; x_wconf 91' lang='lat' dir='ltr'>nec</span> <span class='ocrx_word' id='word_1_146' title='bbox 855 1925 945 1998; x_wconf 83' lang='lat' dir='ltr'>facie</span> <span class='ocrx_word' id='word_1_147' title='bbox 963 1941 1061 2000; x_wconf 88' lang='lat' dir='ltr'>tunc.</span> <span class='ocrx_word' id='word_1_148' title='bbox 1113 1925 1213 2025; x_wconf 87' lang='lat' dir='ltr'>Quid</span> 
     </span>
     <span class='ocr_line' id='line_1_19' title="bbox 150 2021 1213 2121; baseline 0 -19"><span class='ocrx_word' id='word_1_149' title='bbox 150 2027 202 2102; x_wconf 86' lang='lat' dir='ltr'>est</span> <span class='ocrx_word' id='word_1_150' title='bbox 218 2047 303 2121; x_wconf 85' lang='lat' dir='ltr'>crgo</span> <span class='ocrx_word' id='word_1_151' title='bbox 322 2027 435 2098; x_wconf 87' lang='lat' dir='ltr'>adhuc</span> <span class='ocrx_word' id='word_1_152' title='bbox 452 2025 607 2096; x_wconf 84' lang='lat' dir='ltr'>velatum</span> <span class='ocrx_word' id='word_1_153' title='bbox 623 2027 659 2096; x_wconf 93' lang='lat' dir='ltr'>in</span> <span class='ocrx_word' id='word_1_154' title='bbox 676 2021 825 2118; x_wconf 83' lang='lat' dir='ltr'>Moyse,</span> <span class='ocrx_word' id='word_1_155' title='bbox 852 2025 949 2115; x_wconf 88' lang='lat' dir='ltr'>quod</span> <span class='ocrx_word' id='word_1_156' title='bbox 970 2025 1146 2118; x_wconf 85' lang='lat' dir='ltr'>pertineat</span> <span class='ocrx_word' id='word_1_157' title='bbox 1167 2027 1213 2102; x_wconf 82' lang='lat' dir='ltr'>ad</span> 
     </span>
     <span class='ocr_line' id='line_1_20' title="bbox 146 2119 1299 2218; baseline 0 -18"><span class='ocrx_word' id='word_1_158' title='bbox 146 2123 330 2206; x_wconf 75' lang='lat' dir='ltr'>Paulum?</span> <span class='ocrx_word' id='word_1_159' title='bbox 367 2122 404 2196; x_wconf 86' lang='lat' dir='ltr'>Si</span> <span class='ocrx_word' id='word_1_160' title='bbox 422 2119 578 2196; x_wconf 87' lang='lat' dir='ltr'>Christus</span> <span class='ocrx_word' id='word_1_161' title='bbox 605 2123 777 2196; x_wconf 80' lang='lat' dir='ltr'>creatoris</span> <span class='ocrx_word' id='word_1_162' title='bbox 802 2123 973 2218; x_wconf 83' lang='lat' dir='ltr'>aMoyse</span> <span class='ocrx_word' id='word_1_163' title='bbox 1003 2127 1213 2217; x_wconf 76' lang='lat' dir='ltr'>predicatur</span> <span class='ocrx_word' id='word_1_164' title='bbox 1294 2151 1299 2182; x_wconf 70' lang='lat'><strong>⁴</strong></span> 
     </span>
     <span class='ocr_line' id='line_1_21' title="bbox 147 2223 1237 2316; baseline 0 -16"><span class='ocrx_word' id='word_1_165' title='bbox 147 2225 310 2304; x_wconf 87' lang='lat' dir='ltr'>nondum</span> <span class='ocrx_word' id='word_1_166' title='bbox 329 2223 453 2316; x_wconf 88' lang='lat' dir='ltr'>venit,</span> <span class='ocrx_word' id='word_1_167' title='bbox 480 2224 665 2316; x_wconf 86' lang='lat' dir='ltr'>quomodo</span> <span class='ocrx_word' id='word_1_168' title='bbox 676 2223 748 2316; x_wconf 84' lang='lat' dir='ltr'>jarn</span> <span class='ocrx_word' id='word_1_169' title='bbox 769 2239 895 2316; x_wconf 85' lang='lat' dir='ltr'>operta</span> <span class='ocrx_word' id='word_1_170' title='bbox 910 2223 944 2296; x_wconf 80' lang='lat' dir='ltr'>dt</span> <span class='ocrx_word' id='word_1_171' title='bbox 961 2225 1079 2298; x_wconf 83' lang='lat' dir='ltr'>velata</span> <span class='ocrx_word' id='word_1_172' title='bbox 1095 2226 1212 2300; x_wconf 86' lang='lat' dir='ltr'>adhuc</span> <span class='ocrx_word' id='word_1_173' title='bbox 1233 2299 1237 2307; x_wconf 86' lang='grc'><strong>,</strong></span> 
     </span>
     <span class='ocr_line' id='line_1_22' title="bbox 149 2321 1212 2420; baseline -0.004 -18"><span class='ocrx_word' id='word_1_174' title='bbox 149 2327 369 2403; x_wconf 81' lang='lat' dir='ltr'>denotantur</span> <span class='ocrx_word' id='word_1_175' title='bbox 387 2321 497 2396; x_wconf 83' lang='lat' dir='ltr'>corda</span> <span class='ocrx_word' id='word_1_176' title='bbox 510 2323 738 2415; x_wconf 84' lang='lat' dir='ltr'>Judaeorum,</span> <span class='ocrx_word' id='word_1_177' title='bbox 765 2324 923 2396; x_wconf 88' lang='lat' dir='ltr'>nondum</span> <span class='ocrx_word' id='word_1_178' title='bbox 941 2323 1105 2398; x_wconf 85' lang='lat' dir='ltr'>exhibitis</span> <span class='ocrx_word' id='word_1_179' title='bbox 1123 2347 1212 2420; x_wconf 78' lang='lat' dir='ltr'>prec-</span> 
     </span>
     <span class='ocr_line' id='line_1_23' title="bbox 149 2421 1281 2516; baseline 0 -14"><span class='ocrx_word' id='word_1_180' title='bbox 149 2423 386 2502; x_wconf 86' lang='lat' dir='ltr'>dicationibus</span> <span class='ocrx_word' id='word_1_181' title='bbox 403 2421 546 2516; x_wconf 80' lang='lat' dir='ltr'>Moyn,</span> <span class='ocrx_word' id='word_1_182' title='bbox 580 2421 688 2498; x_wconf 88' lang='lat' dir='ltr'>idest</span> <span class='ocrx_word' id='word_1_183' title='bbox 713 2421 758 2496; x_wconf 91' lang='lat' dir='ltr'>de</span> <span class='ocrx_word' id='word_1_184' title='bbox 781 2421 946 2515; x_wconf 84' lang='lat' dir='ltr'>Christo,</span> <span class='ocrx_word' id='word_1_185' title='bbox 978 2423 1109 2515; x_wconf 86' lang='lat' dir='ltr'>inquo</span> <span class='ocrx_word' id='word_1_186' title='bbox 1128 2446 1212 2502; x_wconf 82' lang='lat' dir='ltr'>eunt</span> <span class='ocrx_word' id='word_1_187' title='bbox 1277 2449 1281 2452; x_wconf 87' lang='lat'>·</span> 
     </span>
     <span class='ocr_line' id='line_1_24' title="bbox 146 2520 1213 2623; baseline -0.004 -21"><span class='ocrx_word' id='word_1_188' title='bbox 146 2523 346 2622; x_wconf 84' lang='lat' dir='ltr'>intelligere</span> <span class='ocrx_word' id='word_1_189' title='bbox 363 2521 567 2596; x_wconf 73' lang='lat' dir='ltr'>deberent?</span> <span class='ocrx_word' id='word_1_190' title='bbox 603 2522 700 2623; x_wconf 87' lang='lat' dir='ltr'>Quid</span> <span class='ocrx_word' id='word_1_191' title='bbox 720 2523 763 2596; x_wconf 86' lang='lat' dir='ltr'>ud</span> <span class='ocrx_word' id='word_1_192' title='bbox 784 2520 999 2614; x_wconf 86' lang='lat' dir='ltr'>Apostolum</span> <span class='ocrx_word' id='word_1_193' title='bbox 1018 2521 1145 2598; x_wconf 88' lang='lat' dir='ltr'>Christi</span> <span class='ocrx_word' id='word_1_194' title='bbox 1162 2527 1213 2598; x_wconf 88' lang='lat' dir='ltr'>al-</span> 
     </span>
    </p>
   </div>
   <div class='ocr_carea' id='block_1_5' title="bbox 35 2615 1299 2718">
    <p class='ocr_par' dir='ltr' id='par_1_5' title="bbox 35 2615 1299 2718">
     <span class='ocr_line' id='line_1_25' title="bbox 35 2615 1299 2718; baseline 0 -20"><span class='ocrx_word' id='word_1_195' title='bbox 35 2632 37 2640; x_wconf 89' lang='lat'>&#39;</span> <span class='ocrx_word' id='word_1_196' title='bbox 144 2625 280 2716; x_wconf 84' lang='lat' dir='ltr'>terius,</span> <span class='ocrx_word' id='word_1_197' title='bbox 306 2621 411 2696; x_wconf 87' lang='lat' dir='ltr'>srDei</span> <span class='ocrx_word' id='word_1_198' title='bbox 428 2621 476 2696; x_wconf 91' lang='lat' dir='ltr'>sui</span> <span class='ocrx_word' id='word_1_199' title='bbox 494 2615 707 2696; x_wconf 81' lang='lat' dir='ltr'>sacramenta</span> <span class='ocrx_word' id='word_1_200' title='bbox 722 2622 829 2713; x_wconf 85' lang='lat' dir='ltr'>Judaei</span> <span class='ocrx_word' id='word_1_201' title='bbox 844 2643 918 2694; x_wconf 89' lang='lat' dir='ltr'>non</span> <span class='ocrx_word' id='word_1_202' title='bbox 935 2622 1209 2718; x_wconf 64' lang='lat' dir='ltr'>intelligebant?</span> <span class='ocrx_word' id='word_1_203' title='bbox 1297 2701 1299 2712; x_wconf 20' lang='grc' dir='ltr'><em>Α</em></span> 
     </span>
    </p>
   </div>
   <div class='ocr_carea' id='block_1_6' title="bbox 84 2719 1288 3920">
    <p class='ocr_par' dir='ltr' id='par_1_6' title="bbox 84 2719 1288 3920">
     <span class='ocr_line' id='line_1_26' title="bbox 147 2719 1242 2816; baseline -0.001 -18"><span class='ocrx_word' id='word_1_204' title='bbox 147 2723 211 2798; x_wconf 85' lang='lat' dir='ltr'>nifi</span> <span class='ocrx_word' id='word_1_205' title='bbox 229 2723 309 2816; x_wconf 84' lang='lat' dir='ltr'>quia</span> <span class='ocrx_word' id='word_1_206' title='bbox 328 2724 490 2794; x_wconf 84' lang='lat' dir='ltr'>velamen</span> <span class='ocrx_word' id='word_1_207' title='bbox 513 2723 631 2800; x_wconf 89' lang='lat' dir='ltr'>cordis</span> <span class='ocrx_word' id='word_1_208' title='bbox 654 2724 797 2794; x_wconf 81' lang='lat' dir='ltr'>illorum</span> <span class='ocrx_word' id='word_1_209' title='bbox 821 2719 863 2796; x_wconf 86' lang='lat' dir='ltr'>ad</span> <span class='ocrx_word' id='word_1_210' title='bbox 881 2722 1105 2814; x_wconf 73' lang='lat' dir='ltr'>cecitatem,</span> <span class='ocrx_word' id='word_1_211' title='bbox 1138 2745 1211 2815; x_wconf 86' lang='lat' dir='ltr'>qua</span> <span class='ocrx_word' id='word_1_212' title='bbox 1236 2799 1242 2812; x_wconf 68' lang='grc'>,</span> 
     </span>
     <span class='ocr_line' id='line_1_27' title="bbox 147 2819 1210 2918; baseline 0 -20"><span class='ocrx_word' id='word_1_213' title='bbox 147 2843 225 2898; x_wconf 84' lang='lat' dir='ltr'>non</span> <span class='ocrx_word' id='word_1_214' title='bbox 243 2819 500 2916; x_wconf 79' lang='lat' dir='ltr'>perspexerant</span> <span class='ocrx_word' id='word_1_215' title='bbox 513 2821 686 2896; x_wconf 86' lang='lat' dir='ltr'>Christum</span> <span class='ocrx_word' id='word_1_216' title='bbox 704 2821 847 2913; x_wconf 87' lang='lat' dir='ltr'>Moysi,</span> <span class='ocrx_word' id='word_1_217' title='bbox 874 2821 1102 2918; x_wconf 71' lang='lat' dir='ltr'>pertinebat?</span> <span class='ocrx_word' id='word_1_218' title='bbox 1133 2824 1210 2898; x_wconf 82' lang='lat' dir='ltr'>De-</span> 
     </span>
     <span class='ocr_line' id='line_1_28' title="bbox 146 2919 1226 3016; baseline -0.007 -19"><span class='ocrx_word' id='word_1_219' title='bbox 146 2923 256 3016; x_wconf 83' lang='lat' dir='ltr'>nique</span> <span class='ocrx_word' id='word_1_220' title='bbox 277 2921 374 3014; x_wconf 86' lang='lat' dir='ltr'>quod</span> <span class='ocrx_word' id='word_1_221' title='bbox 396 2919 582 3013; x_wconf 69' lang='lat' dir='ltr'>sequitur?</span> <span class='ocrx_word' id='word_1_222' title='bbox 618 2925 695 2992; x_wconf 84' lang='lat' dir='ltr'>Cum</span> <span class='ocrx_word' id='word_1_223' title='bbox 709 2943 783 2990; x_wconf 81' lang='lat' dir='ltr'>vere</span> <span class='ocrx_word' id='word_1_224' title='bbox 803 2929 997 2993; x_wconf 82' lang='lat' dir='ltr'>converterit</span> <span class='ocrx_word' id='word_1_225' title='bbox 1019 2929 1059 2992; x_wconf 81' lang='lat' dir='ltr'>ad</span> <span class='ocrx_word' id='word_1_226' title='bbox 1079 2931 1181 2996; x_wconf 78' lang='lat' dir='ltr'>neem</span> <span class='ocrx_word' id='word_1_227' title='bbox 1195 2970 1226 3012; x_wconf 81' lang='lat'>,.</span> 
     </span>
     <span class='ocr_line' id='line_1_29' title="bbox 146 3019 1209 3120; baseline 0.003 -27"><span class='ocrx_word' id='word_1_228' title='bbox 146 3023 313 3116; x_wconf 75' lang='lat' dir='ltr'>auferatur</span> <span class='ocrx_word' id='word_1_229' title='bbox 336 3023 505 3112; x_wconf 68' lang='lat' dir='ltr'>petimen,</span> <span class='ocrx_word' id='word_1_230' title='bbox 538 3021 610 3092; x_wconf 91' lang='lat' dir='ltr'>hoc</span> <span class='ocrx_word' id='word_1_231' title='bbox 634 3019 758 3116; x_wconf 81' lang='lat' dir='ltr'>Judaeo</span> <span class='ocrx_word' id='word_1_232' title='bbox 783 3023 930 3120; x_wconf 89' lang='lat' dir='ltr'>proprie</span> <span class='ocrx_word' id='word_1_233' title='bbox 962 3022 1076 3112; x_wconf 86' lang='lat' dir='ltr'>dicit,</span> <span class='ocrx_word' id='word_1_234' title='bbox 1112 3023 1209 3117; x_wconf 84' lang='lat' dir='ltr'>apud</span> 
     </span>
     <span class='ocr_line' id='line_1_30' title="bbox 144 3119 1208 3215; baseline 0.003 -20"><span class='ocrx_word' id='word_1_235' title='bbox 144 3143 251 3215; x_wconf 79' lang='lat' dir='ltr'>quem</span> <span class='ocrx_word' id='word_1_236' title='bbox 272 3119 369 3194; x_wconf 88' lang='lat' dir='ltr'>&amp;est</span> <span class='ocrx_word' id='word_1_237' title='bbox 388 3121 550 3194; x_wconf 86' lang='lat' dir='ltr'>velamen</span> <span class='ocrx_word' id='word_1_238' title='bbox 570 3119 714 3211; x_wconf 80' lang='lat' dir='ltr'>Moysi,</span> <span class='ocrx_word' id='word_1_239' title='bbox 739 3119 799 3212; x_wconf 89' lang='lat' dir='ltr'>qui</span> <span class='ocrx_word' id='word_1_240' title='bbox 817 3139 898 3194; x_wconf 86' lang='lat' dir='ltr'>curn</span> <span class='ocrx_word' id='word_1_241' title='bbox 915 3121 1090 3196; x_wconf 77' lang='lat' dir='ltr'>transierit</span> <span class='ocrx_word' id='word_1_242' title='bbox 1107 3122 1208 3198; x_wconf 78' lang='lat' dir='ltr'>inii·</span> 
     </span>
     <span class='ocr_line' id='line_1_31' title="bbox 146 3217 1210 3318; baseline 0.002 -24"><span class='ocrx_word' id='word_1_243' title='bbox 146 3223 228 3296; x_wconf 80' lang='lat' dir='ltr'>dem</span> <span class='ocrx_word' id='word_1_244' title='bbox 242 3219 391 3314; x_wconf 89' lang='lat' dir='ltr'>Christi,</span> <span class='ocrx_word' id='word_1_245' title='bbox 416 3221 583 3316; x_wconf 81' lang='lat' dir='ltr'>intelligit</span> <span class='ocrx_word' id='word_1_246' title='bbox 602 3217 755 3312; x_wconf 90' lang='lat' dir='ltr'>Moysen</span> <span class='ocrx_word' id='word_1_247' title='bbox 770 3219 814 3292; x_wconf 91' lang='lat' dir='ltr'>de</span> <span class='ocrx_word' id='word_1_248' title='bbox 835 3217 975 3294; x_wconf 90' lang='lat' dir='ltr'>Christo</span> <span class='ocrx_word' id='word_1_249' title='bbox 995 3221 1210 3318; x_wconf 73' lang='lat' dir='ltr'>predicasse.</span> 
     </span>
     <span class='ocr_line' id='line_1_32' title="bbox 145 3317 1210 3413; baseline 0.004 -17"><span class='ocrx_word' id='word_1_250' title='bbox 145 3319 344 3413; x_wconf 79' lang='lat' dir='ltr'>Ceterum,</span> <span class='ocrx_word' id='word_1_251' title='bbox 370 3319 555 3412; x_wconf 88' lang='lat' dir='ltr'>quomodo</span> <span class='ocrx_word' id='word_1_252' title='bbox 575 3317 755 3392; x_wconf 76' lang='lat' dir='ltr'>erueretur</span> <span class='ocrx_word' id='word_1_253' title='bbox 776 3323 1018 3396; x_wconf 81' lang='lat' dir='ltr'>velamentum</span> <span class='ocrx_word' id='word_1_254' title='bbox 1034 3323 1210 3400; x_wconf 78' lang='lat' dir='ltr'>crentorit</span> 
     </span>
     <span class='ocr_line' id='line_1_33' title="bbox 145 3415 1278 3523; baseline -0.004 -27"><span class='ocrx_word' id='word_1_255' title='bbox 145 3419 346 3496; x_wconf 84' lang='lat' dir='ltr'>in&#39;Christo</span> <span class='ocrx_word' id='word_1_256' title='bbox 363 3417 433 3490; x_wconf 90' lang='lat' dir='ltr'>Dei</span> <span class='ocrx_word' id='word_1_257' title='bbox 452 3421 616 3510; x_wconf 85' lang='lat' dir='ltr'>alterius,</span> <span class='ocrx_word' id='word_1_258' title='bbox 643 3419 742 3510; x_wconf 87' lang='lat' dir='ltr'>cujus</span> <span class='ocrx_word' id='word_1_259' title='bbox 756 3415 970 3494; x_wconf 84' lang='lat' dir='ltr'>sacramenta</span> <span class='ocrx_word' id='word_1_260' title='bbox 985 3417 1115 3494; x_wconf 77' lang='lat' dir='ltr'>veluso</span> <span class='ocrx_word' id='word_1_261' title='bbox 1127 3430 1213 3500; x_wconf 81' lang='lat' dir='ltr'>non·</span> <span class='ocrx_word' id='word_1_262' title='bbox 1266 3490 1278 3523; x_wconf 35' lang='grc' dir='ltr'>ι</span> 
     </span>
     <span class='ocr_line' id='line_1_34' title="bbox 84 3509 1208 3622; baseline 0.004 -29"><span class='ocrx_word' id='word_1_263' title='bbox 84 3541 91 3550; x_wconf 84' lang='grc'><em>·</em></span> <span class='ocrx_word' id='word_1_264' title='bbox 143 3519 268 3622; x_wconf 87' lang='lat' dir='ltr'>potuit</span> <span class='ocrx_word' id='word_1_265' title='bbox 287 3515 453 3594; x_wconf 77' lang='lat' dir='ltr'>creatori</span> <span class='ocrx_word' id='word_1_266' title='bbox 476 3515 594 3614; x_wconf 84' lang='lat' dir='ltr'>ignoti</span> <span class='ocrx_word' id='word_1_267' title='bbox 615 3517 785 3592; x_wconf 88' lang='lat' dir='ltr'>videlicet</span> <span class='ocrx_word' id='word_1_268' title='bbox 798 3519 953 3616; x_wconf 72' lang='lat' dir='ltr'>ignota?</span> <span class='ocrx_word' id='word_1_269' title='bbox 975 3509 1076 3594; x_wconf 81' lang='lat' dir='ltr'>Dicit&#39;</span> <span class='ocrx_word' id='word_1_270' title='bbox 1094 3539 1208 3614; x_wconf 84' lang='lat' dir='ltr'>ergo:</span> 
     </span>
     <span class='ocr_line' id='line_1_35' title="bbox 142 3616 1245 3715; baseline 0.006 -24"><span class='ocrx_word' id='word_1_271' title='bbox 142 3641 201 3692; x_wconf 78' lang='lat' dir='ltr'>rus</span> <span class='ocrx_word' id='word_1_272' title='bbox 217 3625 285 3715; x_wconf 77' lang='lat' dir='ltr'>jam</span> <span class='ocrx_word' id='word_1_273' title='bbox 304 3635 412 3714; x_wconf 76' lang='lat' dir='ltr'>aperta</span> <span class='ocrx_word' id='word_1_274' title='bbox 421 3617 532 3709; x_wconf 73' lang='lat' dir='ltr'>secie,</span> <span class='ocrx_word' id='word_1_275' title='bbox 563 3616 687 3708; x_wconf 89' lang='lat' dir='ltr'>utique</span> <span class='ocrx_word' id='word_1_276' title='bbox 711 3619 829 3694; x_wconf 89' lang='lat' dir='ltr'>cordis</span> <span class='ocrx_word' id='word_1_277' title='bbox 856 3621 1133 3712; x_wconf 78' lang='lat' dir='ltr'>quodvelamm</span> <span class='ocrx_word' id='word_1_278' title='bbox 1151 3619 1209 3698; x_wconf 78' lang='lat' dir='ltr'>est</span> <span class='ocrx_word' id='word_1_279' title='bbox 1222 3637 1245 3654; x_wconf 92' lang='grc'>··</span> 
     </span>
     <span class='ocr_line' id='line_1_36' title="bbox 143 3713 1288 3813; baseline -0.006 -24"><span class='ocrx_word' id='word_1_280' title='bbox 143 3717 181 3792; x_wconf 70' lang='lat' dir='ltr'>in</span> <span class='ocrx_word' id='word_1_281' title='bbox 196 3713 346 3813; x_wconf 80' lang='lat' dir='ltr'>Judaeis,</span> <span class='ocrx_word' id='word_1_282' title='bbox 372 3719 615 3811; x_wconf 75' lang='lat' dir='ltr'>contemplantes</span> <span class='ocrx_word' id='word_1_283' title='bbox 633 3719 808 3806; x_wconf 65' lang='lat' dir='ltr'>Christum,</span> <span class='ocrx_word' id='word_1_284' title='bbox 831 3723 930 3790; x_wconf 78' lang='lat' dir='ltr'>eudem</span> <span class='ocrx_word' id='word_1_285' title='bbox 948 3726 1207 3812; x_wconf 71' lang='lat' dir='ltr'>imaginemus.</span> <span class='ocrx_word' id='word_1_286' title='bbox 1284 3760 1288 3772; x_wconf 87' lang='lat'>·</span> 
     </span>
     <span class='ocr_line' id='line_1_37' title="bbox 135 3813 1205 3920; baseline 0.008 -33"><span class='ocrx_word' id='word_1_287' title='bbox 135 3817 278 3920; x_wconf 62' lang='lat' dir='ltr'>figurari</span> <span class='ocrx_word' id='word_1_288' title='bbox 292 3820 447 3912; x_wconf 67' lang='lat' dir='ltr'>aporia,</span> <span class='ocrx_word' id='word_1_289' title='bbox 471 3833 542 3910; x_wconf 71' lang='lat' dir='ltr'>que</span> <span class='ocrx_word' id='word_1_290' title='bbox 555 3813 689 3893; x_wconf 82' lang='lat' dir='ltr'>scilicet</span> <span class='ocrx_word' id='word_1_291' title='bbox 707 3815 742 3892; x_wconf 71' lang='grc' dir='ltr'>ἃ</span> <span class='ocrx_word' id='word_1_292' title='bbox 759 3817 908 3916; x_wconf 71' lang='lat' dir='ltr'>Moyseo</span> <span class='ocrx_word' id='word_1_293' title='bbox 928 3815 1205 3918; x_wconf 65' lang='lat' dir='ltr'>mfiguraba·</span> 
     </span>
    </p>
   </div>
   <div class='ocr_carea' id='block_1_7' title="bbox 1077 3931 1299 4014">
    <p class='ocr_par' dir='ltr' id='par_1_7' title="bbox 1077 3931 1299 4014">
     <span class='ocr_line' id='line_1_38' title="bbox 1077 3931 1299 4014; baseline 0 -18"><span class='ocrx_word' id='word_1_294' title='bbox 1077 3931 1156 4014; x_wconf 80' lang='lat' dir='ltr'>tur,</span> <span class='ocrx_word' id='word_1_295' title='bbox 1297 3949 1299 3958; x_wconf 70' lang='lat'>=</span> 
     </span>
    </p>
   </div>
   <div class='ocr_carea' id='block_1_8' title="bbox 0 0 1308 4338">
    <p class='ocr_par' dir='ltr' id='par_1_8' title="bbox 0 0 1308 4338">
     <span class='ocr_line' id='line_1_39' title="bbox 0 0 1308 4338; baseline 0 5"><span class='ocrx_word' id='word_1_296' title='bbox 0 0 1308 4338; x_wconf 95' lang='lat' dir='ltr'> </span> 
     </span>
    </p>
   </div>
  </div>
 </body>
</html>
