2572 4332
137 175 184 249 30
284 143 1061 253 QLSrrrAEnouTtnrutartnr.
1163 181 1169 186 ·
1261 211 1264 220 .

135 315 313 412 phemiam
338 308 488 404 dixerit,
514 309 594 404 quis
616 309 799 403 1111111111,
825 309 904 402 quis
925 309 1106 408 linguam,
1134 311 1218 404 quit

137 437 239 490 aures
262 413 408 488 diabolo
431 407 599 486 adversus
619 407 740 484 Detun
758 409 1087 486 administraverit?
1121 409 1219 488 Non

136 537 226 612 ergo
249 513 363 609 fugies
385 510 506 586 sedilia
532 507 685 594 hostiurn
711 505 862 603 Christi,
891 511 984 583 illam
1009 511 1220 590 cathedram

135 613 438 711 pestilentiarum,
463 607 647 706 ipsumque
661 615 782 684 a'e'rern
804 611 866 702 qui
882 609 1032 704 desuper
1050 610 1218 706 nubat,

136 715 289 793 scelestis
311 712 466 786 vocibus
494 708 797 804 constupratum?
831 707 911 784 Sint
931 711 1048 782 dulcia
1068 709 1159 786 licet
1181 711 1230 786 &a

136 827 237 912 grata
252 811 485 905 &simplicia,
512 807 779 884 eriamhonesta
792 809 962 902 quadarn
1013 808 1137 886 Nemo
1151 831 1219 892 ve.

86 963 93 974 ·
136 935 272 990 nanum
298 925 476 1005 temperat
493 907 577 984 selle
602 907 847 1002 &elleboro,
874 907 934 983 sed
958 909 1116 988 conditis
1138 913 1219 1006 pul·

136 1013 268 1092 mentis
288 1013 325 1086 &
351 1011 447 1086 bene
475 1009 674 1105 saporatis,
701 1008 737 1081 dt
762 1009 954 1103 plurimum
987 1009 1148 1084 ducibus
1176 1011 1218 1086 id

136 1115 220 1190 mali
243 1111 376 1206 injicit:
402 1110 454 1186 ita
472 1109 507 1184 dt
527 1109 689 1184 diabolus
712 1109 820 1193 letale
841 1111 941 1204 quod
961 1107 1133 1204 coniicit,
1160 1131 1217 1185 res

138 1215 205 1298 bus
220 1213 293 1289 Dei
313 1209 505 1309 gratissimis
524 1207 815 1304 &acceptissimis
838 1209 976 1286 imbuit
1029 1207 1162 1284 Omnia
1175 1211 1217 1286 ll·

137 1315 186 1388 lic
202 1309 265 1404 seu
278 1311 412 1404 sortia,
436 1305 499 1384 ¹seu
517 1307 687 1403 honesta,
713 1307 775 1384 seu
789 1305 950 1402 sonora,
978 1308 1039 1384 seu
1058 1331 1216 1406 canora,

138 1413 201 1488 scu'
214 1411 380 1504 subtilia,
407 1409 563 1504 proinde
575 1410 668 1484 habe
687 1429 728 1482 ac
745 1407 956 1485 sillillicidia
971 1409 1087 1484 mellis
1103 1409 1147 1484 de
1160 1431 1216 1488 ra·

138 1508 301 1589 nunctrlo
316 1522 523 1587 venenato:
549 1530 619 1583 nec
632 1509 723 1584 tanti
739 1510 857 1606 gulam
870 1507 979 1586 facias
997 1512 1218 1606 voluptatis,

139 1613 262 1708 quanti
279 1609 478 1706 periculum
492 1631 557 1705 per
570 1607 794 1686 suavitatem.
844 1609 846 1613 ’

71 1794 73 1802 ,
218 1720 273 1793 118.
299 1711 514 1807 Saginentur
532 1708 704 1803 ejufinodi
721 1709 883 1784 dulcibus
901 1709 1073 1784 convivae
1085 1707 1160 1806 sui,
1177 1707 1217 1786 dc

138 1815 224 1888 loca
237 1812 273 1886 tr
287 1821 453 1906 tempora
466 1809 693 1884 &invitator
706 1807 864 1902 ipsorum
875 1809 935 1885 cll
989 1809 1134 1883 Nostrae
1147 1833 1216 1884 coe·

137 1933 224 2007 ne,
255 1909 386 1985 nostrae
407 1909 572 2004 nuptiae,
607 1909 772 1984 nondum
795 1907 899 2004 sunt,
932 1921 1010 1984 non
1031 1908 1215 2005 polianus

140 2031 222 2086 cum
234 2011 303 2086 illis
322 2007 567 2105 discumbere,
594 2009 676 2101 quia
695 2029 764 2082 nec
785 2009 836 2084 illi
853 2007 1051 2088 nobiscurn
1115 2011 1217 2086 Vici-

139 2115 207 2188 bus
223 2107 461 2208 dispositores
479 2108 539 2186 est„
589 2107 701 2184 Nunc
718 2109 769 2184 illi
788 2111 974 2208 laetantur,
1000 2131 1070 2184 nos
1088 2109 1217 2186 confli-

140 2211 286 2288 starnur.
343 2211 490 2284 Securum
512 2205 672 2308 (inquit)
689 2211 836 2304 gaudebit
849 2233 950 2304 ‚noos
975 2212 1080 2310 rriflrs
1106 2217 1215 2302 eritis.

138 2311 341 2408 Lugeamus
361 2331 448 2408 ergo
464 2310 548 2384 dum
562 2309 700 2384 etlrnici
709 2309 885 2408 gaudent,
910 2325 954 2386 ut
969 2331 1077 2406 quum
1090 2313 1217 2408 lugere

139 2411 337 2507 creperint,
368 2409 603 2510 gaudeamus,
635 2431 684 2485 ne
707 2412 844 2504 pariter
874 2431 973 2486 nunc
997 2414 1214 2509 gaudentes,

34 2543 38 2560 =
134 2528 229 2588 *tunc
247 2515 392 2606 quoque
401 2512 536 2605 pariter
548 2511 743 2606 lugeamus.
792 2509 981 2586 Delicatus
996 2533 1033 2588 es
1050 2511 1216 2588 Christia-
1276 2575 1277 2596 ,

139 2611 259 2706 ne,.s1
274 2611 308 2685 &
323 2612 362 2685 in
372 2610 494 2686 seculo
513 2611 744 2706 voluptatem
759 2609 1005 2706 concupiscis,
1031 2613 1143 2688 imino
1162 2614 1221 2688 ni·
1276 2609 1277 2662 ³

139 2711 250 2786 mium
271 2710 425 2806 stupas,
458 2710 580 2788 fihoc
601 2709 777 2786 existimas
804 2714 1044 2808 voluptatem.
1095 2711 1216 2788 Philo·

139 2809 244 2906 sophi
260 2810 402 2904 quidam
416 2812 493 2886 hoc
510 2831 646 2886 nomen
663 2811 774 2906 quieti
792 2811 828 2885 &
847 2811 1094 2906 tranquillitati
1106 2811 1216 2889 dede·

139 2923 245 3004 runt,
272 2912 310 2986 in
333 2933 374 2986 ea
394 2911 572 3084 glaudent,
605 2911 643 2984 in
670 2931 712 2985 ea
733 2928 966 3008 avocantur,
991 2913 1029 2988 ln
1044 2923 1087 2985 ea
1106 2914 1217 2990 edan

81 3091 86 3106 ⁸
126 3012 352 3111 'gloriantur
439 3032 465 3085 u
479 3011 564 3085 mihi
583 3025 698 3086 metas
720 3009 755 3084 dr
775 3008 895 3085 scenas
922 3011 1160 3105 &pulverent
1181 3014 1217 3088 br

139 3129 266 3186 arenas
290 3107 448 3205 suspiras.
498 3109 608 3184 Dicas
627 3111 748 3186 veliin
799 3111 891 3186 Non
910 3111 1090 3206 pollurnus
1109 3113 1217 3187 vive·

139 3233 182 3286 re
200 3212 274 3286 fine
295 3212 517 3308 voluptate,
557 3211 618 3304 qui
636 3211 731 3284 mori
753 3231 834 3285 cunt
855 3215 1049 3306 voluptate
1070 3213 1215 3288 debebi-

119 3309 252 3388 -musl
284 3309 382 3388 Nam
405 3312 504 3404 quod
525 3309 577 3388 est
603 3307 699 3384 aliud
719 3322 851 3386 voturn
873 3311 1067 3406 noſtrum,
1107 3333 1217 3408 quarn

141 3411 242 3503 quod
261 3409 296 3484 da
317 3409 513 3506 Apostoli,
550 3411 649 3486 exire
671 3409 718 3486 de
739 3410 888 3505 secttlo,
926 3413 960 3488 dt
982 3411 1096 3508 recipi
1120 3413 1218 3510 apud

139 3509 374 3586 Dominumr
405 3511 477 3585 Hic
490 3511 685 3605 voluptas,
710 3512 775 3586 ubi
792 3511 827 3584 bc
844 3527 988 3590 votuna
1262 3558 1269 3569 κ

217 3611 541 3708 J
560 3610 1122 3810 tate
1141 3611 1220 3788 1

338 3765 351 3806 s
792 3767 804 3806 1
1068 3771 1069 3774 ’
1201 3757 1243 3806 “.

140 3811 298 3906 luprates
314 3811 434 3886 aDeo
452 3813 677 3890 contributas
698 3813 764 3890 ribi
778 3811 860 3890 satis
874 3832 952 3890 non
968 3803 1126 3908 babeas,
1152 3827 1215 3890 neu

142 3930 212 4004 qne
226 3909 498 4008 recognoscas?
530 3911 630 4016 Quid
651 3913 750 3991 mim
762 3913 985 4010 jucundius,
1018 3933 1124 4006 quam
1141 3911 1215 3996 Dei

1048 4015 1160 4106 patris
