2598 4328
174 265 430 324 nnvrnsus
458 240 786 330 Maneronrm.
809 249 911 332 Lim*
932 255 998 338 lv.
1046 273 1122 356 ‘451

52 421 147 482 marn
167 405 290 503 suam,
327 411 386 504 qlri
414 411 682 508 aspernamento
707 415 858 490 habenu
876 437 895 490 a
914 419 1121 500 nationibus

10 523 11 532 ¹
51 505 195 582 seruulis
219 509 253 581 δι
276 511 544 608 magistratibus.
595 515 635 589 ni
652 517 745 588 enim
768 517 889 589 odium
910 517 946 589 in
963 517 1060 594 illurn
1080 519 1122 594 si·

51 605 139 682 lium
155 609 312 682 hominis
330 614 606 708 praedicabatur,
633 618 692 707 qui
713 613 901 688 secundum
919 631 1122 701 creatorem

10 729 11 732 ’
51 705 123 802 est,
162 711 387 804 evangelium
411 725 527 785 autem
556 735 689 788 nomen
716 713 1015 811 Christianorum,
1050 719 1120 794 uti·

51 825 164 898 quea
192 805 331 882 Christo
356 811 570 906 dedutlum,
608 814 695 886 odio
718 815 875 886 futurum
893 817 1119 894 contestatur
1189 905 1192 912 ‚

50 922 202 1079 Kroptet
226 902 337 982 fillum
363 911 541 1006 hominis,
561 914 672 1006 'quod
688 911 738 986 est
759 911 938 986 Christus:
971 937 1052 992 eum
1075 913 1117 992 fit
1139 909 1143 920 ’

67 1003 137 1079 'um
154 1007 310 1080 hominis
326 1009 362 1080 in
377 1009 477 1083 causa
494 1011 566 1083 odii
584 1011 792 1105 constituit,
819 1013 877 1104 qui
893 1001 976 1086 'erat
992 1013 1116 1090 secun·

52 1103 133 1178 dum
165 1119 386 1201 creatorem,
418 1110 455 1182 in
480 1130 583 1201 quem
608 1112 727 1184 odium
751 1113 1015 1208 predicabatur.
1063 1113 1116 1190 Et
1222 1167 1224 1176 «

10 1259 11 1290 ;
51 1203 176 1296 utique
206 1203 232 1278 sr
263 1207 421 1282 nondum
452 1209 632 1305 venisset,
657 1231 732 1284 non
763 1206 933 1306 potuisset
957 1213 1114 1289 nominis

10 1339 14 1394 t
51 1303 199 1396 odium,
228 1305 326 1396 quod
345 1307 458 1402 agitur
482 1308 611 1407 hodie,
635 1307 820 1403 personam
842 1313 996 1386 nominis
1014 1327 1112 1388 ante·

49 1401 187 1477 ceffisse.
238 1403 332 1478 Nam
349 1405 548 1498 &sancitur
562 1429 672 1501 penes
689 1429 778 1500 nos,
805 1409 1001 1488 &animam
1015 1405 1113 1494 suam

49 1497 327 1596 circumscribit,
353 1520 502 1598 propter
523 1529 591 1580 nos
619 1529 695 1584 eam
713 1529 873 1601 ponens,
899 1507 1111 1604 &asperna-

47 1614 174 1676 mento
191 1601 342 1676 habetur
365 1625 385 1678 a
404 1605 622 1682 nationibus.
673 1601 722 1680 Et
737 1607 796 1698 qni
816 1619 919 1680 natus
942 1607 1011 1701 est,
1036 1607 1111 1702 ipse

48 1699 113 1774 erit
131 1697 227 1872 ¹salius
248 1701 426 1797 hominis,
451 1717 604 1800 propter
626 1705 780 1798 quem&
801 1725 935 1780 nomen
950 1707 1110 1784 nostrum

46 1817 130 1874 lecu
147 1813 238 1874 atur.
1099 1873 1102 1882 Δ

118 1919 178 1990 15.
205 1901 381 1970 &cundum
398 1901 479 1989 bac,
506 1905 633 1997 inquit,
654 1901 817 1994 faciebant
827 1905 987 2000 prophetis
1000 1919 1108 2000 patrer

45 2021 156 2068 mm.
211 1992 248 2072 O
266 1996 440 2074 Christum
456 2002 696 2096 versipellem!
722 2023 817 2076 nunc
831 2001 1107 2100 destructorem,

45 2117 140 2172 nunc
169 2095 374 2172 assertorem
391 2101 676 2194 prophetarnm3
713 2091 914 2176 destruebat
937 2119 979 2175 ut
1002 2125 1106 2178 aemu·

44 2197 123 2292 lus,
151 2208 375 2270 convertens
402 2197 591 2293 discipulos
613 2216 737 2272 eorum
757 2201 818 2272 fibi
843 2200 1038 2296 asserebat,
1063 2214 1106 2278 ut

44 2297 209 2390 micus,
241 2294 401 2394 sugillans
427 2292 652 2374 infestatores
677 2319 812 2374 eorum.
876 2299 1020 2392 Porro,
1052 2303 1105 2374 in·

43 2411 214 2489 quantum
230 2417 306 2469 non
332 2395 545 2492 congruisset
569 2395 707 2468 Christo
733 2395 931 2484 Marcionis
963 2397 1104 2474 assertio

41 2496 319 2590 prophetarum,
346 2497 556 2588 adquorum
574 2507 722 2568 venerat
737 2493 1027 2590 destruiiionem,
1052 2499 1105 2570 in·

41 2609 183 2670 tantum
215 2599 382 2692 congruit
408 2595 547 2669 Christo
577 2597 747 2667 creatoris
777 2591 949 2690 srrgillatio
983 2598 1019 2668 in
1052 2598 1104 2670 in·

42 2691 234 2768 senatores
246 2697 522 2788 prophetarum,
549 2715 639 2788 qnos
652 2695 689 2766 in
704 2697 867 2767 omnibns
879 2696 1105 2789 admplebat.

42 2793 111 2868 Vel
136 2795 220 2886 quia
239 2795 346 2894 magis
369 2794 540 2867 creatoris
566 2792 618 2868 est
639 2791 764 2867 dclista
783 2807 922 2888 patrum
943 2793 1023 2870 filiis
1042 2817 1102 2869 ex-

41 2895 236 2988 probrare,
262 2913 363 2986 quam
381 2896 455 2986 ejus
474 2893 572 2988 Dei,
599 2893 744 2985 quince
763 2895 908 2988 propria
931 2898 1103 2988 cujusque

42 2993 199 3090 castigat.
248 2991 318 3064 Sed
334 3012 410 3066 non
428 2991 570 3086 statim,
601 2993 741 3086 inquis,
766 2993 961 3088 prophetas
978 2997 1102 3068 tueba-

41 3105 118 3187 tur,
156 3091 183 3165 s1
209 3089 430 3184 iniquitatem
462 3093 666 3186 Judaeoru'm
696 3091 897 3166 affirmatam
930 3095 1100 3188 volebat,

41 3191 138 3286 quod
164 3211 234 3264 nec
256 3211 336 3265 curn
360 3191 544 3288 prophetis
569 3189 634 3264 suis
654 3191 713 3284 pie
736 3187 891 3290 egissent.
940 3189 1100 3288 Atquin,

40 3293 135 3364 nulla
155 3291 217 3364 hic
231 3291 395 3382 imquitas
418 3289 666 3384 exprobranda
688 3291 933 3388 erat'Judaeis,
959 3291 1100 3365 laudan·

39 3389 90 3464 dis
109 3390 237 3485 potius
256 3387 518 3484 &probandis,
533 3390 568 3463 ‘sl
585 3411 650 3464 eos
665 3387 929 3486 figuraverunt,
951 3393 994 3466 ad
1011 3409 1099 3480 quo·

40 3511 115 3567 rum
133 3487 437 3584 destructionem,
454 3489 692 3584 'posttantum
709 3491 799 3584 aevi,
827 3489 924 3564 Deus
942 3489 1098 3582 optimus

41 3605 159 3666 notras
183 3590 249 3666 est·
306 3587 376 3664 Sed
394 3597 487 3683 puto
501 3591 571 3683 jam
593 3589 721 3662 &non
739 3589 917 3682 optimus;
945 3590 1015 3679 jam
1038 3589 1096 3660 alia

10 3697 11 3784 l
40 3693 121 3779 naid
140 3693 177 3767 ἂ
190 3709 273 3764 cum
290 3703 461 3764 creatore·
474 3701 659 3784 moratus,
684 3709 752 3763 nec
765 3691 802 3759 in
815 3702 932 3760 totum
951 3684 1096 3779 Epicuri

40 3787 145 3871 Deus.
212 3787 312 3864 Ecce
344 3791 437 3864 enim
468 3787 626 3862 demutat
653 3789 690 3862 in
721 3785 1024 3880 maledictionem,
1061 3784 1097 3860 it

38 3891 193 3980 mendis
211 3911 296 3971 eum
312 3887 454 3991 fecsse,
479 3891 548 4066 qu}
562 3884 1010 4065 tfmvitofftndiffitastif
1040 3887 1097 3965 Va

154 4027 169 4049 ⁰
604 4009 627 4066 2
950 4006 1049 4065 enlm

10 3959 12 4056 l
