2572 4332
1107 2 1278 11 ———·-—-=

344 169 919 262 Desescracumrs.
1122 194 1167 270 29

92 339 128 414 dr
153 331 292 412 videre.
341 328 414 410 Sed
438 333 601 432 tragoedo
625 332 856 436 ¹uociferante
887 335 1168 410 exclamationes
1256 415 1260 422 ,

89 441 153 514 ille
173 439 321 530 alicujus
337 437 527 532 prophete
545 435 771 531 retractabit,
799 437 833 510 &
855 437 951 510 inter
971 433 1168 510 effeminati

89 537 276 614 histrionis
302 537 435 612 modos
455 533 628 610 Psalmum
652 535 771 610 secum
797 533 1106 628 comminiscetur,
1133 537 1170 610 lit

90 657 176 712 cum
196 639 338 713 athlete
363 648 492 732 agent,
517 635 578 710 ille
601 634 756 708 dilltuus
781 636 831 710 est
852 633 1167 730 repercutiendum

88 759 171 812 non
185 735 280 810 eliel
306 735 495 830 poterit&
510 735 554 808 de
568 733 809 810 misericordia
820 736 963 813 moveri
975 731 1112 810 defixus
1127 735 1168 810 in

66 833 230 913 morsus
253 835 444 930 ursorum,
480 833 698 932 &spongias
720 835 958 911 retiariorum.
1007 834 1167 908 Avertat

87 937 193 1014 Deus
216 959 237 1010 a
261 935 329 1010 suis
355 947 493 1010 tantam
514 935 718 1028 voluptatis
744 933 902 1010 exitioso
922 933 1168 1028 cupiditatem.
1206 955 1209 964 ’

90 1037 211 1140 Quale
235 1035 287 1110 est
313 1036 409 1110 enim
434 1036 479 1110 de
505 1034 651 1110 ecclefia
664 1033 737 1110 Dei
761 1036 799 1108 in
826 1034 959 1108 diaboli
985 1035 1167 1132 ecclesiam
1207 1045 1209 1054 '

86 1136 270 1210 tendere?
297 1137 342 1210 de
357 1137 451 1208 coelo
465 1132 585 1231 (quod
606 1133 727 1231 ajunt)
745 1135 783 1207 in
807 1129 973 1209 erenum?
996 1135 1072 1207 illas
1093 1157 1165 1208 ma-

55 1291 58 1297 ·
87 1257 159 1310 nus
177 1257 262 1328 quas
282 1236 326 1310 ad
340 1233 539 1334 Dominum
558 1235 761 1328 exntleris‚·
778 1233 1008 1327 postmodum
1022 1235 1166 1307 laudan-

89 1335 142 1412 do
159 1333 563 1430 histrionemfatigare?
591 1356 636 1406 ex
657 1356 722 1407 ore
742 1355 816 1427 quo
828 1336 945 1408 Amen
958 1335 996 1408 in
1010 1331 1165 1410 satillum

87 1437 307 1532 protuleris,
333 1434 522 1534 gladiatori
536 1429 778 1508 testimonium
795 1435 967 1528 reddere,
983 1431 1027 1520 εἷς
1042 1435 1179 1522 almae·
1277 1499 1278 1512 l

87 1535 160 1613 ἀπ’
177 1537 293 1630 alonae
316 1535 374 1607 alii
392 1534 541 1608 omnino
559 1533 679 1607 dicere
695 1534 758 1608 nisr
774 1533 860 1608 Deo
881 1531 1051 1608 Christo?
1277 1595 1278 1638 g

169 1639 226 1709 26.
254 1631 327 1708 Cur
344 1655 433 1730 ergo
449 1656 525 1708 non
540 1631 711 1726 ejusmodi
733 1635 838 1710 etiam
852 1634 1034 1707 demoniis
1055 1655 1163 1727 pene·

87 1735 238 1810 trabiles
250 1731 371 1810 fiant?
396 1733 542 1808 Nam&
562 1735 764 1826 exemplum
785 1735 915 1808 accidit
926 1733 1090 1810 Domino
1110 1747 1164 1806 te-

90 1835 175 1930 ste,
202 1836 276 1926 ejus
299 1833 456 1908 mulieris
478 1855 554 1926 quae
570 1835 750 1908 theatrum
774 1833 887 1927 adiit,
921 1833 955 1905 ἃ
977 1833 1060 1908 inde
1081 1853 1163 1908 cum

90 1935 271 2012 demonio
285 1933 402 2010 rediit.
449 1933 576 2025 Itaque
586 1933 624 2006 in
639 1929 839 2028 exorcismo
854 1955 935 2008 curn
950 1949 1163 2008 oneraretur

58 2087 62 2096 «
87 2033 291 2114 inmundus
306 2032 473 2128 spiritus,
501 2035 600 2125 quod
617 2031 717 2108 tultis
735 2031 821 2106 effer
842 2030 986 2108 fidelem
1000 2033 1161 2130 adgredi:
1230 2071 1232 2080 r

58 2189 63 2196 .
89 2133 297 2210 constanter
315 2134 349 2207 δι
360 2131 536 2228 justissime
562 2133 706 2226 quidem
727 2132 885 2232 (inquit)
899 2133 994 2228 feci,
1018 2135 1057 2206 in
1076 2155 1163 2208 meo

88 2255 170 2310 eam
186 2233 324 2325 inveni
376 2231 575 2307 Constat&
598 2233 655 2306 alii
670 2234 823 2309 linteum
836 2235 873 2308 in
892 2227 1023 2310 somnis
1046 2232 1163 2306 osten·
1276 2315 1277 2322 Ν

86 2331 166 2408 sum
179 2334 255 2428 ejus
269 2333 345 2406 diei
358 2332 488 2428 nullu,
515 2353 584 2426 qua
599 2333 796 2430 tragoedum
812 2333 985 2426 audierat,
1006 2355 1163 2406 cumen·
1276 2401 1277 2408 ,

62 2433 328 2528 .probratione
348 2433 538 2508 nominato
564 2434 758 2530 tragoedo,
789 2457 858 2508 nec
881 2435 975 2506 ultra
1000 2435 1163 2524 quintum

86 2533 185 2608 diem
199 2555 278 2610 eam
291 2533 478 2608 mulierem
497 2533 536 2606 in
553 2529 675 2608 seculo
688 2531 801 2609 firilse.
854 2536 959 2633 Quot
979 2534 1103 2625 utiquc
1128 2533 1163 2606 δι

86 2633 159 2706 alia
172 2633 390 2708 documenta
403 2631 582 2708 cellerunt
595 2633 639 2706 de
660 2633 715 2706 his
729 2633 789 2725 qui
803 2653 884 2706 cum
904 2632 1050 2708 diabolo
1070 2631 1163 2726 apud

85 2731 289 2828 spestacula
304 2732 604 2807 communicando
622 2731 820 2808 aDomino
838 2733 1058 2809 exciderunt.
1093 2737 1164 2806 Ne·

87 2858 140 2906 mo
162 2839 247 2910 mim
322 2834 496 2932 efldnobm
515 2837 652 2904 dominis
668 2833 805 2924 servire.
866 2833 964 2936 Quid
983 2835 1055 2908 luci
1081 2853 1162 2910 cum

86 2933 249 3008 tenebris
309 2933 394 3026 quid
412 2933 498 3008 vitae
517 2932 552 3008 ’δι
574 2931 715 3008 morti?
1040 2941 1041 2944 ‘
1120 3001 1126 3012 .

167 3055 210 3126 αῖ
239 3029 362 3108 Odilie
380 3033 550 3108 debemus
571 3033 658 3106 istos
674 3050 880 3108 conventus
899 3034 935 3107 dt
950 3047 1061 3109 coetus
1085 3035 1165 3132 erla·
1258 3039 1260 3044 '

85 3133 283 3228 meorum,
316 3133 380 3206 vel
397 3133 498 3225 quod
526 3133 601 3209 illic
624 3153 761 3206 nomen
786 3133 858 3210 Dei
879 3133 1160 3228 blasphematur,

85 3233 164 3308 illic
180 3231 430 3324 quotidianiin
445 3253 514 3308 nos
528 3235 655 3308 leones
674 3233 963 3327 exprimuntur,
988 3234 1073 3308 inde
1083 3255 1162 3326 per-
1256 3281 1261 3286 -

85 3331 292 3406 secutiones
308 3331 572 3426 decernuntur,
596 3331 681 3408 inde
700 3334 922 3408 tentationes
938 3333 1161 3410 ernittunttn.

88 3431 193 3534 Quid
201 3431 310 3510 facies
325 3433 363 3508 in
376 3433 441 3506 illo
456 3430 705 3528 suffragiorum
718 3433 911 3527 impiorum
926 3431 1087 3506 estuario
1102 3432 1161 3508 de·

86 3529 311 3628 prehensus,
336 3553 414 3606 non
439 3531 533 3625 quasi
556 3532 689 3623 aliquid
710 3531 783 3608 illic
809 3533 883 3626 pati
902 3531 1007 3628 pollis
1030 3533 1073 3606 ab
1095 3533 1161 3608 ho·

85 3631 265 3725 minibus,
291 3653 400 3710 nemo
421 3645 460 3709 te
483 3629 671 3729 cognoscit
692 3629 951 3726 Christianum,
977 3629 1036 3706 sed
1057 3651 1160 3710 reco-

86 3729 164 3828 gita
176 3731 326 3824 quidde
340 3741 380 3808 'te
398 3729 463 3808 fiat
479 3733 525 3808 in
545 3733 651 3807 coelo.
702 3729 858 3808 Dubitas
878 3732 972 3808 enim
992 3731 1058 3806 illo
1083 3753 1161 3808 mo·

86 3842 238 3926 mento,
264 3833 388 3926 quoin
403 3814 538 3909 diaboli
552 3831 700 3908 ecclelia
712 3831 844 3928 fueris,
871 3851 997 3910 omnes
1011 3833 1161 3930 angelos

83 3927 358 4040 prospiceretds
379 3932 495 4032 celo,
521 3931 735 4034 &flendos
757 3931 1162 4130 denotaresshgfflas·
