2582 4322
228 203 297 280 340
372 179 420 279 Q,
439 164 579 252 ‘iren
604 171 747 252 Fton.
771 173 1140 252 Tenenttrrnr

225 346 308 418 snne
332 325 425 414 enirn
450 337 706 412 demonstravit
736 337 870 426 exitum
899 335 1199 436 transgrellionit,
1233 361 1275 418 tre

224 437 425 538 ignorantia
462 439 610 531 periculi
647 437 893 534 negligentiam
930 439 1074 529 juvaret
1110 433 1271 532 obsequi

224 541 362 632 Porro,
396 537 421 610 sr
443 539 529 632 legii
545 536 767 630 imponendae
783 538 875 608 ratio
893 537 1083 630 praecessit,
1118 533 1274 632 sequena

184 723 187 728 ,
209 649 284 712 rtur
299 639 405 712 etiam
422 633 672 710 observande:
695 647 739 707 ut
760 653 862 728 poena
883 633 1138 732 transgressioni
1160 637 1274 712 adscri-

220 737 390 830 beretur,
417 747 520 829 quani
543 749 661 809 tamen
682 735 827 808 evenire
847 735 989 829 noluit,
1016 737 1074 826 qui
1096 749 1178 809 ante
1198 759 1275 830 pre·

214 837 323 912 =dixit
375 829 542 932 Agnosce
559 835 665 932 igitur
686 833 884 907 bonitatem
897 834 968 908 Dei
983 832 1096 906 nostri
1117 835 1273 931 interim,

212 935 286 1009 'vel
297 931 477 1029 hucusque
494 951 539 1008 ex
557 935 725 1027 operibus
749 933 883 1027 bonis,
910 955 955 1006 ex
972 932 1273 1012 beneditionem

220 1033 349 1128 bonis,
376 1055 422 1108 ex
440 1033 686 1128 indulgentiis,
713 1051 759 1105 ex
772 1033 1035 1127 providentiis,
1061 1053 1107 1108 ex
1122 1033 1272 1134 legibus,

216 1133 257 1208 dt
278 1131 605 1230 premunitionibus
625 1129 781 1204 botrin&
800 1131 972 1228 benignis.

214 1267 218 1280 ¹
293 1251 328 1322 s.
341 1231 507 1328 Jamhinc
519 1231 564 1304 ad
575 1227 782 1327 questiones
797 1249 935 1324 omnes,
948 1249 1065 1324 canes,
1076 1249 1168 1325 quos
1181 1231 1273 1306 iores

214 1325 420 1425 Apostolus
433 1329 601 1424 expellit,
624 1331 792 1406 latrantes
804 1329 842 1403 in
854 1327 973 1405 Deum
987 1331 1158 1406 veritatis.
1194 1331 1275 1408 Haet

221 1428 302 1506 sunt
320 1431 664 1528 atgmnentetionum
680 1425 774 1522 olla,
811 1447 887 1520 que
903 1429 1098 1504 obroditis:
1124 1427 1160 1504 Si
1178 1429 1274 1508 Deua

217 1527 365 1622 bonus,
391 1525 602 1622 &prescius
620 1527 753 1622 futuri,
779 1527 1009 1602 &avertendi
1029 1529 1109 1602 mali
1124 1543 1275 1626 potens,

220 1645 286 1702 cur
315 1627 498 1704 hominem
524 1627 558 1700 or
588 1627 729 1720 quiderrl
753 1627 939 1723 imaginem
963 1627 997 1702 dt
1021 1627 1275 1706 similitudinem

211 1721 337 1818 suam,
363 1725 472 1801 immo
489 1724 762 1800 &substantiam
780 1721 891 1820 suam,
915 1747 979 1821 per
1003 1727 1124 1801 anime
1146 1725 1276 1804 scilicet

220 1822 384 1918 censurat,
411 1823 524 1920 patrus
546 1825 597 1897 est
611 1825 681 1898 labi
698 1825 742 1898 de
759 1824 930 1918 obsequio
949 1827 1037 1924 legia
1053 1826 1089 1898 in
1105 1839 1275 1925 mortem,

222 1923 505 2000 circttnrventutn
522 1919 727 1998 ediaboloi
753 1925 789 1997 Si
805 1927 897 1999 eninr
912 1926 1098 2018 debonat,
1119 1929 1181 2020 qui
1198 1950 1277 2004 eve

210 2023 298 2096 nire
313 2023 383 2098 tale
396 2019 480 2116 quid
495 2021 632 2118 nollet,
654 2019 884 2118 apresens,
897 2025 957 2120 qui
970 2036 1189 2098 eventurum
1205 2027 1276 2102 non

219 2121 423 2220 ignoraret,
450 2119 628 2216 &potens
644 2123 704 2216 qui
720 2123 896 2216 depellere
907 2125 1060 2198 valeret:
1085 2125 1192 2198 nullo
1204 2149 1277 2201 mo

209 2221 270 2295 *do
284 2219 480 2316 eveniliet,
506 2221 604 2316 quod
620 2219 680 2296 sub
700 2219 754 2294 hir
774 2221 884 2296 tribus
905 2221 1175 2296 conditionibus
1191 2225 1279 2302 divi·

208 2319 486 2496 'tntilli
501 2321 749 2494 {tillia
773 2317 897 2492 tii·
912 2321 1279 2512 ,illidii

217 2517 396 2614 dendunr,
420 2537 537 2611 neque
550 2471 752 2613 praesciom:
778 2531 894 2610 neque
914 2531 1112 2612 potentem.
1165 2521 1280 2618 Siqui

208 2617 300 2692 *dem
313 2618 350 2690 in
364 2633 532 2709 quantum
545 2619 631 2691 nihil
651 2619 722 2690 tale
740 2615 929 2712 eveniiiet,
956 2618 1076 2693 litalis
1090 2619 1221 2716 Deus,
1248 2624 1280 2696 id

115 2751 119 2756 ·
206 2713 269 2790 'est
287 2716 405 2791 bonus
426 2717 459 2790 dt
477 2714 637 2810 praestitis
655 2717 690 2789 dt
701 2731 850 2810 potens:
880 2719 917 2789 in
931 2731 1069 2790 tanttrrn
1087 2719 1176 2792 ideo
1198 2745 1280 2796 eve·

92 2865 94 2870 ,
206 2815 297 2910 nit,
324 2818 493 2909 quianon
511 2815 587 2888 telis
602 2813 714 2892 Dettr.
765 2813 824 2888 Ad
837 2815 912 2889 haec
929 2817 1028 2912 prius
1043 2815 1095 2890 estr
1104 2817 1191 2891 istas
1208 2819 1280 2915 spe

216 2915 289 2989 cies
313 2915 351 2988 in
376 2925 537 2987 creatore
564 2911 776 3006 defendere,
809 2929 885 3030 qttae
908 2917 945 2988 in
969 2916 1114 3021 dub'orro
1139 2939 1280 2995 vocan·

207 3029 302 3186 te
316 3016 535 3186 ,attat
552 3011 642 3186 de
656 3011 1037 3206 irritarint
1060 3028 1280 3192 arten

202 3213 322 3286 etiarn
344 3211 447 3306 ipsius
468 3229 609 3284 cunas
621 3225 691 3300 nr,
716 3227 761 3282 ex
781 3211 948 3304 operibus
964 3213 1126 3285 inetmdae
1145 3219 1280 3308 probe

198 3309 335 3384 ‘tionin
388 3307 508 3405 Opera
530 3307 700 3382 creatoris
723 3323 912 3402 utrumque
935 3309 1126 3405 testatem,
1153 3315 1196 3388 or
1217 3317 1280 3390 bo

199 3411 365 3482 nitatem
379 3408 474 3501 ejtrt,
501 3407 698 3501 quabona,
723 3407 812 3523 ircgt
831 3407 1064 3497 ostendintuar
1091 3411 1280 3508 &poten

103 3525 107 3531 ·
198 3507 322 3600 tiam,
343 3513 417 3601 'qua
435 3517 553 3598 tanta,
581 3506 615 3579 dt
632 3503 772 3600 quidem
788 3527 832 3580 ex
848 3507 972 3584 nihilo,
1021 3505 1118 3586 Nam
1136 3511 1176 3586 dt
1192 3515 1222 3590 sr
1238 3535 1280 3590 ex

80 3619 82 3633 ’
137 3673 139 3680 ,
200 3605 329 3698 ¹aliqud
348 3604 515 3696 materia,
540 3619 583 3674 ut
604 3603 743 3697 quidam
768 3607 922 3696 volunta
950 3609 1024 3682 lroc
1047 3609 1126 3702 ipso
1152 3626 1280 3688 tamen

197 3717 259 3774 'ex
274 3703 407 3796 nrlrrio,
431 3703 517 3776 dum
536 3722 611 3776 non
628 3704 665 3778 id
680 3701 848 3799 fuerunt,
872 3706 971 3798 quod
992 3707 1081 3784 sunt
1133 3709 1280 3787 Postre

155 3869 162 3880 .
195 3794 357 3950 'negligi
371 3801 417 3877 iic
435 3815 584 3900 magno,
611 3801 694 3882 dm
713 3803 833 3914 bona,
858 3804 922 3882 vel
935 3805 1096 3886 ficDeut
1115 3824 1280 3982 pantena,

158 3943 192 3960 ι»
244 3932 258 3944 ·’
696 3941 706 3966 ·
1162 3931 1236 3988 nm
