2616 4336
343 155 403 208 or
430 129 890 207 Conoua'Mrtrrr's.
1082 149 1153 226 217
1245 215 1249 222 ι
1291 111 1292 180 ῗ

15 309 16 374 l
72 297 176 375 nabit
189 295 265 392 illie
282 293 345 366 ubi
359 290 543 388 Apostolo
559 315 634 367 non
648 293 791 388 placet?
816 289 866 364 Et
885 313 977 386 quos
994 291 1153 368 interdiu

15 443 18 460 ›
78 393 286 472 exorcismis
308 392 468 490 firgavit,
503 394 670 467 noiiibus
694 393 909 487 defensabit,
943 394 1154 470 incumbens

15 509 18 570 l
81 491 363 586 &requiescens
392 492 495 587 super
520 493 631 587 pilum
658 513 730 587 quo
757 491 951 585 perfossum
975 493 1026 566 est
1059 494 1154 566 latus

15 601 18 678 l
81 593 237 670 Christi?
266 595 439 668 vexillum
467 615 613 688 quoque
631 591 794 687 portabit
812 595 976 668 aemulum
996 591 1155 666 Christi?

15 707 18 772 1
78 695 115 770 dr
130 695 264 792 signum
284 693 480 788 postulabit
502 717 523 768 a
541 695 725 788 principe,
753 696 812 786 qui
829 695 901 786 jam
918 715 938 764 a
959 693 1031 768 deo
1053 713 1154 767 acce⁴

15 817 18 892 1
77 793 164 891 pit?
198 809 364 866 mortuus
397 795 504 866 etiam
528 795 617 866 tuba
647 795 903 886 inquietabitur
935 793 1154 885 aeneatoris,

15 939 18 964 .
79 896 140 989 qui
156 893 345 969 excitaris
369 895 456 968 tuba
479 897 595 990 ‘angeli
621 893 827 986 exspestat‘l
863 889 912 964 Et
937 892 1156 966 cremabitur

15 1025 18 1078 1
78 1017 126 1072 ex
143 991 325 1086 disciplina
348 992 510 1066 castrensi
529 989 746 1068 Christianus
766 995 823 1065 cui
842 1013 999 1066 cremare
1015 1013 1093 1066 non
1113 994 1155 1068 li·

15 1117 19 1164 l
77 1096 179 1186 cuit,
208 1093 265 1164 cui
284 1090 441 1166 Christus
460 1094 587 1167 merita
607 1095 697 1188 ignis
718 1093 892 1166 indulsit?
919 1095 1064 1194 Quanta
1087 1093 1156 1168 alia

15 1214 22 1262 :
77 1196 118 1270 in
144 1191 280 1266 delidiis
307 1191 527 1286 circumspici
551 1193 699 1288 possunt
724 1192 948 1266 castrensium
969 1191 1156 1285 munium,

15 1325 18 1376 1
78 1291 338 1388 transgressioni
355 1293 648 1388 interpretanda?
678 1289 793 1386 Ipsum
811 1295 856 1366 de
870 1292 1098 1366 castrislucis
1117 1291 1159 1366 itt
1268 1335 1271 1350 ·

15 1429 18 1480 1
79 1391 196 1467 castra
220 1395 448 1467 tenebrarum
473 1413 608 1468 nomen
639 1393 802 1482 deferre,
842 1391 1061 1489 transgressio
1093 1389 1161 1472 est.¹

15 1547 17 1564 .
78 1493 192 1568 Plane
214 1493 238 1565 fi
264 1513 357 1586 quos
374 1493 500 1567 militia
518 1511 726 1598 praeventos
748 1491 837 1566 fides
859 1492 1040 1592 posterior¹
1055 1494 1158 1567 inve·
1182 1537 1189 1556 ι

15 1645 18 1674 ,
78 1591 159 1685 nit,
187 1593 255 1665 alia
272 1593 437 1666 conditio
464 1593 536 1686 est,
568 1605 610 1665 ut
633 1593 778 1666 illorum
802 1615 893 1685 quos
918 1595 1078 1688 Joannes
1099 1591 1158 1666 ad-

15 1735 19 1792 ,
78 1693 250 1770 mittebat
262 1692 305 1764 ad
315 1695 514 1787 lavacrum,
533 1708 575 1765 ut
589 1689 850 1780 Centurionum
866 1687 1156 1786 fideliffimorum,

15 1829 17 1880 1
81 1813 192 1885 quem
218 1789 374 1865 Christus
399 1794 555 1886 probat,
592 1793 756 1886 &quem
783 1792 908 1864 Petrus
936 1793 1157 1886 catechizat,

15 1907 17 1966 :
81 1893 169 1964 dum
182 1903 302 1964 tamen
316 1889 473 1988 suscepta
489 1893 562 1968 fide
580 1909 688 1986 atque
701 1895 831 1989 signata
847 1907 908 1964 aut
925 1891 1160 1968 deserendum

15 2027 17 2082 ²
79 1991 199 2066 statim
218 1991 280 2084 fit,
307 2005 381 2065 uta
400 1995 520 2066 multis
541 1993 678 2068 adium:
705 2007 766 2066 aut
782 1993 947 2065 omnibus
964 1992 1082 2067 modis
1103 1999 1160 2065 cm·
1231 1993 1236 2006 ’
1272 1987 1276 1996 ’

79 2091 293 2182 villandum,
320 2113 366 2166 ne
385 2093 469 2184 quid
487 2093 653 2167 adversus
671 2095 777 2166 deum
796 2094 1056 2186 committatur,
1079 2113 1158 2184 quae
1217 2141 1219 2144 -

15 2235 18 2270 l
80 2211 152 2264 nec
172 2213 218 2262 ex
232 2192 357 2264 militia
377 2195 649 2286 permittuntur:
676 2211 737 2266 aut
753 2195 939 2269 novissime
956 2193 1159 2286 perpetien·
1240 2207 1255 2228 ²

15 2339 17 2366 1
81 2291 168 2364 dtun
184 2311 254 2384 pro
271 2293 357 2383 deo,
384 2294 483 2384 quod
501 2315 600 2386 aeque
615 2291 705 2367 fides
722 2315 857 2390 pagana
875 2293 1049 2367 condixit.
1075 2291 1160 2370 Nec

15 2443 17 2482 ,
81 2390 1157 2490 1111(11111011111111111111,111ιηειηγτῑοηιηι11111τ

15 2499 17 2584 1
79 2493 234 2566 nitatem
248 2493 371 2568 militia
390 2493 591 2584 promittet.
628 2491 812 2586 Nusquam
832 2489 1048 2566 Christianus
1062 2491 1156 2566 aliud

15 2609 18 2682 1
81 2587 144 2666 est.
205 2589 329 2664 Unum
354 2591 615 2689 Evangelium,
639 2593 787 2666 &idem
811 2589 934 2688 Jesus,
963 2605 1157 2690 negaturus

15 2721 18 2788 1
81 2709 231 2766 omnem
245 2705 455 2787 negatorem
472 2691 738 2782 &conseilluus
758 2713 903 2768 omnem
919 2689 1160 2767 consessorem

15 2827 16 2854 ÷
78 2789 174 2864 Dei:
202 2789 384 2866 &salvam
398 2791 552 2866 facturus
571 2795 722 2866 animam
731 2813 800 2888 pro
811 2791 959 2868 nomine
970 2793 1047 2887 ejus
1062 2789 1161 2867 amis-

15 2863 20 3016 :
81 2889 169 2981 sain,
177 2889 382 2982 perditurus
392 2907 510 2965 autem
519 2891 930 2968 decontrarioadverlbs
939 2913 1074 2970 nomen
1083 2893 1160 2984 eJ'us

15 3039 20 3106 ,
80 2990 176 3068 lucri
204 2989 370 3066 habitam.
403 2989 515 3086 Apud
528 2993 625 3066 hunc
638 3008 709 3068 tam
724 2996 824 3068 miles
841 2991 892 3066 est
906 3003 1061 3091 paganus
1076 2989 1163 3065 fide·

15 3113 21 3202 1
81 3091 148 3183 lis,
194 3109 297 3184 quam
323 3113 482 3188 paganus
507 3091 558 3165 est
582 3093 683 3168 miles
707 3089 835 3169 fidelis.
886 3093 977 3166 Non
1008 3091 1164 3166 admittit

15 3223 20 3288 1
82 3187 196 3262 status
205 3185 301 3282 fidoi,
322 3193 572 3289 allegationem
582 3193 806 3268 necessitatis.
833 3193 944 3268 Nulla
953 3193 1004 3266 est
1015 3189 1158 3266 necesst-

15 3329 21 3420 1
83 3301 138 3360 tas
160 3289 410 3383 delinquendi,
441 3293 567 3382 quibus
586 3313 659 3364 una
681 3291 732 3365 eil:
749 3291 930 3368 necessitas
954 3311 1032 3366 non
1050 3290 1163 3364 delin-

15 3432 23 3520 ,
86 3387 230 3484 quendi.
256 3387 353 3462 Nam
368 3390 403 3462 &
417 3391 461 3462 ad
480 3389 746 3466 notificandum
761 3393 795 3466 dt
810 3393 945 3467 direiio
962 3389 1162 3486 negandum

15 3521 24 3602 1
85 3487 291 3564 neceffitate
308 3490 388 3580 quis
402 3491 577 3594 premitur
589 3505 857 3586 tormentorum
875 3493 949 3566 save
964 3509 1162 3584 poenarum,

15 3611 17 3622 ‘
86 3596 208 3664 lunen
219 3609 290 3661 nec
305 3589 356 3660 illi
367 3589 561 3664 necelliteti
576 3591 757 3685 disciplina
775 3593 974 3684 connivet,
1001 3590 1084 3683 quia
1097 3611 1163 3684 po·

30 3765 36 3772 ,
88 3685 163 3758 tior
179 3687 230 3760 est
243 3687 427 3763 necemus
446 3690 612 3764 timendae
626 3693 827 3788 negationis
846 3691 880 3764 dr
900 3690 1057 3764 obeundi
1073 3711 1163 3768 mar·

90 3786 174 3882 tyrii
185 3807 291 3888 quarn
309 3786 503 3866 evadende
516 3790 678 3884 passionis
693 3790 727 3866 dt
741 3787 1046 3890 implendioffieii.
1098 3787 1188 3862 Co.

574 3888 658 3984 05
1000 3899 1131 3967 terum'
1226 3929 1233 3943 =
