2572 4332
133 201 182 286 n
295 194 344 296 Q.
375 187 505 268 serr.
535 185 670 266 rma
702 145 1039 270 Traruttraur
1092 189 1095 198 “

132 353 563 446 nmnaffentunumque.
589 351 650 426 sed
666 351 834 426 cecitatis
847 353 926 426 dure
948 351 1083 447 species
1099 351 1237 430 facile

134 467 382 546 concurrunt,
406 465 449 526 ut
469 455 529 546 qui
545 473 621 526 non
636 453 765 526 vident
781 474 858 545 quae
875 450 976 546 sunt,
1003 454 1133 528 videte
1157 457 1233 530 vi-

133 557 286 634 deantur
301 576 378 648 quae
392 572 470 626 non
486 551 578 627 sunt
628 552 687 624 Sic
704 565 769 646 per
781 553 902 626 omnia
919 551 1114 632 ostendam.

213 679 269 732 ro.
302 651 413 728 Nunc
433 655 480 726 de
497 649 795 726 manifestioribus
822 651 946 727 dicam.
1001 653 1136 746 Deos,
1160 653 1252 728 in·'

133 757 266 856 quitis,
299 775 379 827 non
400 752 542 846 colitis,
578 751 707 847 &pro
736 753 1012 846 imperatoribus
1039 749 1231 828 sacrificia

108 853 111 866 '
131 881 211 936 non
229 851 444 948 impenditis.
500 851 669 944 Sequitur
685 866 728 924 ut
744 852 868 926 eadem
880 853 1024 927 ratione
1038 875 1106 948 pro
1131 853 1225 926 aliis

132 979 212 1036 non
235 951 502 1046 sacrificemus,
536 951 618 1046 quia
638 973 710 1026 nec
731 971 801 1044 pro
828 953 934 1025 nobis
955 953 1063 1048 ipsrs,
1097 951 1227 1028 semol
1274 951 1275 1010 l

132 1060 224 1134 deos
242 1075 320 1128 non
340 1051 510 1128 colendo.
570 1051 694 1145 ltaque
711 1049 880 1148 sacrilegii
897 1051 1136 1148 &majestatis
1156 1049 1225 1127 rei
1272 1011 1275 1088 l

134 1155 384 1234 convenimur.
409 1151 637 1226 Summahaec
654 1149 787 1243 caussa,
804 1151 878 1224 imo
895 1150 1060 1246 totaest:
1086 1152 1120 1225 tr
1139 1153 1225 1226 uti·
1273 1113 1275 1184 4

134 1277 204 1354 que
225 1256 330 1352 digna
350 1250 539 1348 cognosci,
570 1250 596 1324 ss
620 1271 696 1324 non
716 1248 934 1344 persumptio
959 1266 1021 1324 aut
1038 1253 1221 1344 iniquitas
1248 1301 1252 1313 ·
1274 1199 1276 1298 l

117 1425 122 1438 ,
128 1357 287 1454 judicet,
315 1354 523 1444 alteraque
543 1349 732 1444 desperat,
759 1351 870 1424 altera
892 1371 968 1444 quoa
987 1349 1127 1426 recusat
1142 1375 1224 1426 ve·

132 1459 286 1534 ritatem
342 1451 448 1524 Deos
463 1449 603 1523 vestros
626 1449 748 1524 colere
769 1449 976 1544 definimus,
1012 1471 1151 1544 expuo
1169 1451 1217 1524 il·

131 1559 192 1632 los
208 1549 286 1628 non'
303 1551 372 1626 esse
392 1548 652 1648 cognoscimus.
703 1549 788 1624 Hoc
810 1549 917 1645 igitur
937 1551 1080 1648 exigere
1098 1549 1218 1625 debe-

131 1657 201 1749 tis,
218 1653 280 1729 ,uti
298 1653 492 1747 probemus
513 1669 589 1724 non
605 1649 673 1724 elle
691 1649 773 1723 illos
793 1651 903 1742 deos,
930 1649 1112 1723 &idcirco
1127 1671 1218 1726 non

132 1755 333 1845 colendos,
360 1752 442 1845 quia
456 1763 545 1823 tunc
559 1750 699 1824 demum
707 1750 779 1824 coli
792 1748 1012 1844 debuissent,
1027 1749 1052 1824 fi
1065 1749 1112 1822 dii
1124 1748 1217 1824 fuis-

83 1895 87 1908 ·
131 1855 222 1932 sent.
280 1849 437 1926 Tunc&
457 1847 643 1924 Christiani
658 1849 855 1944 puniendi,
888 1847 1024 1942 srquos
1049 1869 1126 1922 non
1144 1872 1215 1923 co-

129 1959 272 2046 lerent,
298 1951 382 2044 quia
396 1961 567 2044 putarent
583 1971 661 2023 non
680 1941 774 2044 effe,
810 1949 992 2022 constaret
1009 1950 1091 2022 illos
1113 1949 1213 2023 deos

132 2053 214 2132 elle.
257 2051 328 2125 Sed
352 2049 459 2123 nobis
483 2049 654 2142 inquitis,
687 2049 735 2122 dii
762 2047 854 2122 sunt.
905 2047 1137 2144 Appellamus
1173 2048 1214 2124 bt

131 2171 378 2251 provocamus
405 2171 426 2222 a
450 2149 560 2222 vobis
583 2148 663 2242 ipsrs
686 2147 729 2222 ad
751 2145 1005 2222 conscientiam
1028 2147 1210 2245 vestram,

130 2257 192 2329 illa
206 2273 278 2326 nos
289 2249 447 2345 judicet,
473 2249 534 2322 illa
548 2269 618 2322 nos
637 2247 876 2340 condemnet,
900 2247 926 2322 sr
942 2247 1081 2342 poterit
1096 2269 1211 2345 nega·
1277 2247 1278 2250 ‘

130 2377 173 2428 re
192 2372 318 2426 omnes
342 2348 428 2422 istos
454 2347 543 2424 deos
565 2348 706 2428 vestros
729 2348 894 2422 homines
915 2346 1027 2422 fuisse.
1077 2347 1211 2422 Sed&

62 2519 64 2526 ,
129 2453 204 2550 ipsa
220 2448 357 2526 inficias
372 2448 397 2522 fi
412 2449 517 2539 ierit,
544 2447 589 2522 de
601 2445 668 2521 suis
690 2448 942 2540 antiquitattun
961 2446 1213 2522 instrumentis

129 2555 366 2644 revincetur,
393 2547 581 2640 dequibus
603 2569 667 2622 eos
686 2547 808 2622 didicit
825 2545 1067 2622 testimonium
1086 2549 1208 2642 perhi-

131 2653 300 2730 bentibus
317 2649 360 2724 ad
382 2648 618 2742 hodiemum,
646 2647 903 2720 &civitatibus
920 2647 958 2720 in
976 2648 1104 2739 quibus
1126 2649 1207 2722 nati

130 2755 232 2846 stent,
259 2749 518 2846 &regionibus
535 2749 572 2820 in
586 2747 713 2840 quibus
737 2747 867 2840 aliquid
892 2747 1033 2840 operati
1055 2744 1208 2844 vestigia

129 2854 373 2944 reliquerunt,
414 2847 599 2939 inquibus
624 2847 731 2920 etiam
754 2843 883 2940 sepulti
905 2843 1204 2922 demonstrantur.

129 2952 215 3030 Nec
225 2971 294 3046 ego
304 2969 370 3044 per
383 2946 539 3042 fingulos
551 2945 754 3037 decurram,
773 2957 887 3019 totae
903 2959 1048 3040 tantos,
1062 2967 1204 3042 novos,

130 3065 298 3140 veteres,
321 3047 518 3139 Barbaros,
542 3043 713 3138 Graecos,
736 3043 942 3140 Romanos,
967 3045 1203 3144 peregrinos,

19 3145 31 3250 .
130 3152 323 3247 captivos,
350 3147 568 3240 adoptivos,
592 3147 784 3239 proprios,
812 3155 1046 3242 communes,
1070 3141 1204 3220 mascu-

128 3255 208 3346 los,
233 3249 406 3340 feminas,
438 3245 611 3339 rusticos,
640 3248 820 3340 urbanos,
856 3247 1044 3342 nauticos,
1075 3245 1204 3318 militu-

128 3375 208 3446 res,
236 3345 393 3422 otiosum
409 3345 459 3418 est
473 3345 578 3420 etiam
590 3345 718 3417 titulos
732 3341 913 3438 persequi,
930 3358 973 3418 ut
984 3343 1071 3420 colli
1095 3363 1151 3418 aro
1164 3347 1205 3421 in

74 3497 77 3503 -
128 3449 403 3545 compendium,
438 3444 566 3518 &hoc
587 3463 664 3518 non
689 3465 761 3536 quo
779 3442 1028 3542 cognoscatis,
1061 3365 1122 3517 sd
1146 3463 1204 3518 re·

128 3545 374 3647 cognoscatis:
405 3545 505 3618 cer'te
524 3545 619 3617 enim
641 3544 778 3616 oblitos
797 3545 910 3642 agitis.
959 3543 1060 3616 Ante
1081 3542 1202 3616 Satur-

126 3671 216 3726 num
228 3643 316 3722 deus
337 3665 449 3738 penes
465 3650 538 3716 ¹vos
560 3663 669 3728 nemo
689 3640 761 3736 est,
801 3644 843 3718 ab
863 3645 928 3720 illo
945 3640 1069 3716 census
1084 3643 1202 3720 totitts

125 3749 192 3823 vel
206 3746 363 3841 potioris
379 3743 440 3816 vel
459 3741 617 3818 notioris
633 3741 842 3820 divinitatis.
893 3742 1020 3834 Itaque
1041 3743 1141 3836 quod
1154 3742 1203 3818 de

125 3847 268 3949 origine
287 3842 513 3943 constiterit,
534 3841 573 3920 id
588 3841 635 3920 de
653 3839 866 3944 posteritate
880 3843 1091 3926 conveniet.
1141 3837 1203 3918 Sa·
