2612 4328
137 145 209 246 296
284 143 332 244 Q.
357 139 496 218 Sara.
521 139 663 220 Fron.
690 120 1063 232 Taurunuranr

136 305 223 382 sexu
252 306 458 403 mitigantur
483 301 677 378 secundum
711 298 909 399 pudorem,
945 307 1057 384 ubera
1093 309 1226 386 exclu-

138 409 252 502 dunt,
289 403 437 500 pensum
471 403 653 480 securibus
689 403 850 499 faciunt,
866 453 869 460 Δ
886 409 1025 480 malum
1059 409 1226 484 militare

138 527 243 600 quarn
263 503 411 580 nubere.
464 504 618 578 Duritia.
631 505 676 578 de
700 505 793 578 coslo
818 525 975 599 quoque.
1017 505 1107 580 Dies
1124 531 1224 584 nun.

49 605 51 611 ⁴
138 627 244 699 quarn
263 619 412 702 patens,
438 603 493 678 sol
513 625 695 698 nunquam
715 605 856 701 libens,
880 627 973 680 unus
993 612 1076 702 abr,
1101 612 1225 684 nebu-

136 707 190 782 la:
215 720 319 780 totus
337 727 449 784 ulnus
464 705 680 800 hybernum,
701 725 809 784 omne
827 707 926 798 quod
941 703 1085 781 flaverit
1102 707 1222 802 Aqui-

136 807 177 882 lo
196 805 258 882 est.
309 805 488 898 Liquores
507 805 649 902 ignibus
675 800 851 900 redeunt,
878 827 997 882 amnes
1020 809 1135 904 glaeie
1152 831 1220 884 ne·

135 901 286 1006 gahurr,
326 919 471 981 montes
497 906 625 1000 pruina
652 920 922 1004 exaggerantur.
981 905 1114 982 Omnia
1137 923 1222 982 tor-

71 1040 74 1049 ·
135 1023 244 1104 pent,
272 1007 392 1080 omnia
412 1007 549 1102 rigent:
575 1005 664 1080 nihil
679 1005 754 1078 illic
768 1005 832 1078 nili
855 1007 978 1082 feritas
1004 1009 1120 1102 calet,
1150 1009 1222 1088 illa

136 1103 293 1199 scilicet,
321 1128 398 1198 quae
419 1105 557 1179 fabulas
575 1102 689 1180 scenis
708 1105 832 1200 dedit,
855 1107 900 1180 de
919 1104 1096 1182 sacrificiis
1118 1105 1227 1182 Tau
1265 1147 1269 1154 ·

136 1227 281 1300 rorum,
308 1205 342 1280 u
359 1207 539 1282 amoribus
556 1203 804 1300 Colchorum,
838 1207 873 1280 dr
894 1209 1060 1282 crucibus
1080 1207 1218 1284 Cauca·

26 1387 31 1394 ,
136 1303 269 1382 sonim.
329 1315 331 1320 ’

213 1407 283 1482 Sed
309 1405 400 1482 nihil
419 1421 493 1482 tarn
515 1408 709 1482 barbarum
732 1429 773 1482 ac
795 1405 895 1482 triste
915 1409 1009 1502 apud
1030 1407 1217 1504 Pontum,

139 1527 244 1600 quam
264 1507 363 1598 quod
387 1509 462 1582 illic
487 1513 640 1580 Marcion
665 1525 773 1582 naurs
797 1509 872 1601 est,
899 1507 1034 1602 Scytha
1058 1511 1218 1604 tetrior,

102 1673 106 1688 .
134 1607 367 1687 Hamaxobio
387 1607 606 1695 instabilior,
624 1607 819 1706 Massageta
834 1609 1083 1702 inhumanior,
1104 1609 1218 1686 Ama·

134 1707 244 1780 zonia
266 1707 459 1800 audacior,
485 1709 612 1782 nubilo
635 1708 846 1802 obscurior,
873 1710 1003 1800 hyeme
1022 1710 1218 1806 frigidior,

134 1809 219 1904 gelu
232 1807 407 1903 fragilior,
423 1805 705 1902 Istro-fallacior,
714 1807 872 1882 Caucaso
888 1811 1086 1904 abruptior.
1113 1811 1214 1908 Quid

134 1905 200 1980 ni?
217 1907 332 1979 Penes
351 1929 456 1998 quem
475 1929 584 1982 verus
600 1907 838 1984 Prometheus
854 1907 957 1982 Deus
978 1911 1217 2006 omnipotens

131 2004 358 2100 blasphemiis
379 2008 590 2083 lancinatur.
637 2010 716 2104 Jam
733 2007 769 2080 ἃ
789 2007 908 2082 bestiis
929 2010 1218 2094 illiusbarbariae

132 2107 642 2301 ammpaaatajnaaar’hlqaaaaandm
656 2111 1005 2302 naartisaseanaarulaaai
1029 2109 1217 2310 {ailshatoma

93 2295 95 2306 ’
135 2304 339 2380 commesor
358 2327 436 2382 mus
452 2305 649 2402 Ponticus,
676 2329 782 2400 quarn
801 2308 862 2402 qui
882 2311 1071 2406 evurgelia
1087 2331 1214 2384 corro-

132 2405 212 2480 fit?
238 2403 308 2482 Nae
327 2419 369 2479 tu
391 2405 536 2482 Eurrino
558 2409 843 2503 probabiliorem
859 2404 972 2484 suurn
989 2409 1214 2503 philosophis

133 2505 292 2601 edidisti,
319 2528 425 2598 quam
441 2505 655 2582 Christianis.
705 2507 802 2582 Narn
819 2509 879 2582 ille
897 2509 1059 2582 canicula
1072 2509 1215 2606 Dioge-
1259 2573 1260 2579 ,

38 2687 42 2702 Ι
132 2626 198 2678 nes
230 2607 415 2682 hominem
440 2608 605 2681 invenire
626 2607 814 2702 cupiebat,
853 2607 1035 2684 lucernam
1062 2610 1216 2684 meridie

97 2779 100 2787 ,
134 2705 413 2780 circumferens:
457 2707 629 2781 Marcion
667 2707 810 2800 Demo,
853 2729 959 2800 quem
992 2709 1211 2804 invenerat,

133 2804 295 2879 extincto
321 2807 456 2880 lumine
476 2804 564 2879 lidei
597 2805 687 2900 suae,
729 2802 850 2882 amisit.
903 2805 994 2882 Non
1028 2809 1215 2904 negabunt

132 2898 295 2998 discipuli
316 2907 418 2999 ejus,
444 2906 592 2998 primam
618 2907 711 2980 illins
736 2903 844 2982 fidem
869 2910 1058 2982 nobiscum
1083 2907 1236 3004 suilla,-

34 3075 43 3092 ,
130 3003 236 3100 ipnus
256 3006 368 3078 literis
385 3003 555 3099 testibus,
582 3019 625 3079 ut
641 3007 812 3098 hincjam
830 3005 993 3082 destinari
1014 3008 1119 3105 poffit
1140 3009 1212 3082 hae-

131 3107 289 3199 rericus,
323 3105 384 3196 qui
409 3099 574 3198 deserto,
602 3107 703 3200 quod
726 3107 825 3204 prius
849 3105 989 3200 fuerat,
1024 3107 1062 3181 id
1085 3107 1214 3200 postea

26 3235 28 3242 ¹
131 3203 195 3282 srbi
216 3205 385 3302 elegerit,
412 3206 512 3296 quod
530 3217 632 3280 retro
652 3227 729 3280 non
752 3219 837 3280 erat.
889 3209 931 3280 ln
951 3222 1092 3292 tanurm
1115 3209 1212 3286 enim

132 3307 253 3402 horefia
276 3304 529 3404 deputabitur,
556 3306 654 3400 quod
672 3305 797 3400 postea
819 3307 1019 3382 inducitur:
1044 3310 1083 3384 in
1100 3329 1213 3400 quan·

130 3419 209 3478 trun
228 3414 351 3476 vertras
369 3405 581 3512 habebitur,
608 3407 706 3498 quod
719 3418 821 3485 retro
838 3405 872 3480 δι
889 3409 1122 3500 aprimordio
1140 3419 1212 3483 tra·

132 3504 245 3580 ditum
274 3503 335 3580 est.
390 3503 460 3578 Sed
484 3509 568 3578 alius
594 3507 712 3576 libellus
735 3503 833 3579 hunt
857 3507 1005 3602 gradum
1026 3506 1212 3584 sustinebit

131 3607 281 3694 adversus
308 3609 489 3686 haereticos,
522 3606 630 3680 etiam
653 3603 724 3680 fine
750 3605 944 3680 renudato
967 3605 1209 3684 doetrinarum

130 3705 402 3798 revincendos,
429 3707 527 3796 quod
549 3705 621 3781 hoc
647 3704 715 3779 sint
739 3705 784 3778 de
808 3704 1075 3801 prescriptione
1100 3709 1208 3782 novi.

131 3803 227 3880 tatis.
279 3803 389 3880 Nune
406 3818 580 3899 quatenus
599 3803 819 3882 admittenda
839 3805 1038 3908 cougressio
1057 3803 1128 3979 aab,
1155 3807 1207 3882 in-

706 3963 708 3966 .
988 3915 1071 3980 'ter
1098 3925 1157 3982 um
