2572 4332
24 183 26 196 '
162 186 213 260 66
283 169 1201 283 *QrStat-,suou-'reraaunurant„3

240 363 272 436 3.
299 335 431 437 Quae
470 337 570 430 quoa
606 338 659 412 na
696 299 857 430 plerique
892 337 1014 412 naum
1048 340 1172 428 opum
1200 342 1258 423 r„

88 453 91 460 '
162 441 287 516 odium
305 443 382 533 ejus
403 438 628 532 impingunt,
653 451 696 510 ut
716 437 855 513 bonum
874 437 979 510 alicui
993 437 1252 516 testimonium

20 597 21 602 i
74 521 77 531 ’
160 545 319 623 serentes
342 535 557 615 admisceant
571 535 730 624 nominis
744 535 1086 632 exprobrationem,
1110 537 1250 614 Bonus

159 643 220 714 vir
236 639 342 714 Caius
353 638 475 732 Seius,
493 649 633 712 tantum
647 635 747 728 quod
763 633 991 712 Christianus.
1030 633 1123 712 Item
1132 641 1258 734 aliu-a,¹

158 739 242 837 Ego
261 739 416 814 Lucium
442 733 637 830 sapientem
661 736 781 808 virum
806 749 958 828 repente
976 733 1108 814 fanum
1135 733 1255 816 Chri„

158 842 309 919 stianum
331 837 487 930 desero,
512 855 626 910 nemo·
643 833 830 910 retraiiat:
856 857 903 908 ne
918 835 1006 922 ideo
1025 837 1146 910 bonus
1171 837 1250 925 Caf

156 943 237 1034 jus,
266 935 480 1032 &prudens
504 933 663 1028 Lucius,
691 935 772 1026 quia
797 933 1032 1012 Christianus:
1064 951 1125 1010 aut
1147 939 1250 1014 ideo.

159 1037 404 1131 Christianus,
441 1035 524 1128 quia
547 1033 706 1128 prudens
728 1033 914 1110 debenus.
964 1035 1130 1110 Laudant
1156 1060 1252 1132 quae

157 1139 299 1231 sciunt,
324 1137 536 1252 vituperant
551 1155 629 1227 que
652 1133 833 1229 ignorant
860 1133 895 1206 dt
915 1134 952 1208 id
978 1137 1077 1250 quod
1096 1132 1245 1251 sciunt,

158 1237 831 1447 {tratti'ttitiasssttttdi
859 1231 1245 1426 {timiditati

158 1438 313 1514 occultis
337 1433 589 1530 predamnare.
638 1429 715 1509 Ain
734 1453 825 1526 quos
841 1447 943 1508 retro
966 1436 1143 1510 antehoc
1167 1459 1241 1512 no·

156 1561 240 1612 men
257 1524 402 1635 vagos‚'
420 1534 535 1627 viles,
561 1531 748 1627 improbos
769 1547 977 1628 noverant,
1011 1557 1057 1608 ex
1074 1533 1151 1630 ipso
1174 1538 1243 1616 de.

156 1645 312 1732 notant‚'
335 1655 410 1729 quo
429 1633 586 1722 laudant.
613 1633 774 1716 caecitate
791 1633 865 1706 odii
879 1634 923 1732 in
939 1631 1141 1731 suffragium
1171 1637 1239 1716 iffi.

156 1739 321 1834 pingunt.
373 1737 469 1830 Quae
484 1733 629 1808 mulieri
657 1753 763 1825 quam
780 1731 934 1828 lasciva,
962 1755 1066 1826 quom
1084 1733 1237 1816 festiva!

126 1851 129 1874 ¹
156 1839 232 2015 &ri
251 1835 414 1930 iuvenis!
440 1853 547 1927 quam
566 1831 694 1926 lufius,
725 1851 830 1926 quam
851 1833 1014 1908 amasius!
1049 1833 1130 1908 saiii
1150 1835 1239 1912 sunt

213 1936 355 2012 ristiani.
407 1932 612 2021 ltanonen.
631 1931 874 2009 emendationi
889 1933 1096 2027 imputatur.
1124 1933 1239 2010 Non·

156 2037 246 2124 nulli
272 2037 379 2112 etiam
405 2033 451 2110 de
469 2033 692 2120 utilitatibus
724 2029 793 2104 suis
819 2053 902 2106 cum
925 2033 1014 2106 odio
1039 2031 1107 2108 isto
1135 2039 1239 2130 paci.

154 2136 301 2226 stunnu
333 2133 499 2210 contenti
536 2132 688 2226 injuria,
723 2129 807 2206 dum
837 2151 891 2225 ne
919 2133 1017 2208 domi
1048 2133 1236 2232 habeant,
1274 2219 1276 2240 p

20 2305 23 2315 ,
64 2281 67 2290 -
156 2237 256 2330 quod
283 2237 450 2310 odertmt
513 2231 685 2309 Uxorem
704 2233 778 2325 jam
799 2231 963 2326 pudicam
987 2235 1133 2308 maritus
1158 2238 1276 2328 iam*

155 2359 233 2420 uon
247 2337 443 2430 zelotypus
462 2333 591 2426 ejecit,
617 2329 821 2430 filiumjam
836 2329 1029 2423 subjedium
1047 2348 1151 2428 pater
1177 2357 1236 2412 re-

154 2451 215 2512 tro
232 2438 377 2531 patiens
402 2433 604 2526 abdicavit,
624 2430 783 2516 rservum
798 2434 871 2524 jorn
891 2429 1034 2508 fidelem
1063 2433 1235 2511 dominus

155 2539 243 2621 olim
257 2538 352 2612 mritis
374 2535 419 2622 ob
435 2534 551 2618 oeulis
567 2533 767 2628 relegavit:
793 2547 836 2604 ut
857 2529 1001 2624 quisque
1019 2533 1092 2608 hoc
1111 2537 1234 2611 nomi-

48 2649 49 2656 ‘
154 2657 201 2720 ne
233 2635 485 2726 emendatur‚'
506 2629 673 2709 offendit
723 2629 836 2707 Tanti
869 2651 946 2706 non
984 2631 1035 2706 est
1067 2635 1235 2730 bonum,

153 2738 277 2828 quanti
294 2733 345 2811 est
360 2735 483 2818 odium
498 2729 789 2806 Christianorum.
841 2728 881 2802 N
883 2751 953 2804 unc
966 2731 1097 2830 igitur,
1123 2733 1235 2810 sino-

153 2837 256 2916 minis
272 2835 395 2910 odium
414 2831 485 2924 est,
519 2832 597 2922 quis
616 2831 804 2906 nominum
822 2843 941 2904 reatus
961 2829 979 2902 ἓ
1014 2833 1107 2930 Quae
1120 2855 1236 2916 ,accu-

152 2935 241 3008 satio
260 2933 549 3022 vocabulorum,
577 2931 638 3004 nist
655 2929 682 3004 fi
697 2946 760 3004 aut
775 2929 963 3005 barbarum
986 2927 1090 3004 sonut
1112 2934 1236 3028 aliqua

151 3057 230 3109 uox
248 3033 426 3122 nominis,
453 3044 515 3104 aut
530 3027 738 3121 infaustum,
764 3042 826 3104 aut
838 3029 1063 3124 maiedicom,
1090 3049 1152 3104 aut
1164 3035 1231 3112 im-.

150 3135 331 3229 pudicum.
380 3127 596 3207 Christianus
623 3149 740 3226 vero,
780 3141 951 3221 qnantum
971 3131 1229 3224 interpretatio

150 3235 220 3328 est,
256 3234 302 3308 de
325 3229 497 3314 unitione
522 3229 722 3307 deducitur.
773 3228 845 3302 Sed
871 3227 905 3302 dt
930 3249 1012 3304 cum
1036 3251 1230 3326 perperam

151 3333 368 3416 Glrristianus
392 3331 694 3426 pronuntiatura
719 3330 826 3402 vobis
852 3325 956 3425 (nam
974 3352 1043 3404 nec
1066 3331 1226 3408 nominis

150 3451 249 3508 certa
269 3432 320 3510 est
334 3432 467 3515 notitia
487 3449 598 3524 penes
615 3425 707 3526 vos)
726 3427 771 3502 de
787 3425 965 3504 suavitate
984 3431 1045 3503 vel
1063 3431 1231 3527 benigni.
1264 3489 1266 3528 ,

148 3550 223 3608 tate
245 3531 483 3627 eompofitum
502 3527 563 3606 est.
624 3525 759 3602 Oditur
776 3529 923 3628 ergoin
941 3529 1149 3602 hominibus
1172 3533 1225 3606 in·
1265 3531 1266 3534 ’

27 3637 32 3647 ’
147 3636 275 3714 nocuis
296 3633 404 3714 ,etiam
425 3649 563 3704 nomen
583 3627 793 3704 innocuum.
845 3625 897 3700 At
919 3628 1014 3702 enim
1031 3624 1123 3704 setta
1144 3633 1224 3705 odi-

146 3748 206 3807 tur
236 3735 274 3806 in
307 3721 455 3815 nomine
476 3728 602 3822 utique
634 3723 685 3800 sui
717 3724 882 3802 tutioris.
932 3725 1034 3824 Quid
1054 3730 1170 3822 novi,
1196 3731 1243 3808 sr·

145 3835 261 3976 aliqua
287 3828 468 3981 disciplitt
496 3826 542 3904 de
567 3823 735 3952 magistro
762 3840 1047 3975 cognomentum
1066 3826 1218 4006 siegiuasto·
