2582 4322
82 159 199 295 '334
267 181 1052 297 QSnPTAELOannruLLIsnr
1165 288 1168 298 Ι
1281 261 1282 270 ,

34 422 36 439 .
86 371 88 385 “
124 367 164 438 in
180 359 352 436 facultate
371 346 579 435 dinoscitur.
632 359 724 454 Quis
740 359 893 452 denique
911 357 1090 434 abstinens
1109 361 1226 438 dice·
1280 365 1282 384 ⁴

26 540 28 552 ,
124 479 185 538 tur
211 459 351 534 sublato
378 480 448 553 e0‚
484 479 595 552 aquo
624 459 870 532 abstinendum
889 459 967 533 est?
994 464 1089 560 Quae
1114 475 1226 540 tem-

125 561 292 658 perantia
317 560 407 656 gule
432 561 470 632 in
492 557 621 632 fame?
663 581 740 652 quae
763 559 967 634 ambitionis
996 561 1223 654 repudiatio

124 666 165 738 in
185 658 369 759 egestate?
397 681 474 751 qua
494 659 648 733 hbrdrnrs
674 657 869 734 infrenatio
892 656 930 732 in
960 659 1222 738 carnarionea

126 764 205 860 Jam
225 779 319 834 vero
344 758 538 832 sementem
561 759 868 856 generisfhumrni
894 756 1126 854 compescere
1153 777 1222 838 to-

125 879 229 955 turn,
257 858 379 933 nescio
403 881 447 932 an
470 859 544 931 hoc
566 873 712 952 quoque
742 859 883 954 optimo
905 857 992 934 Deo
1013 879 1221 960 congruat.

126 961 332 1064 Quomodo
349 959 443 1032 enirn
455 957 591 1034 salvum
609 960 791 1038 hominem
808 962 935 1054 volet,
974 981 1082 1058 quem
1100 979 1221 1040 vetat

125 1060 245 1156 nasci,
272 1061 317 1134 de
337 1081 409 1152 quo
425 1057 600 1152 nascitur,
628 1058 856 1133 auferendo?
883 1062 1072 1154 quomodo
1096 1065 1219 1138 habe·

125 1165 208 1256 bit,
233 1164 366 1254 inquo
390 1159 592 1232 bonitatem
617 1157 712 1234 suam
736 1159 869 1256 fignet,
887 1208 888 1215 κ
904 1181 1011 1254 quern
1036 1161 1217 1240 essenon

31 1309 33 1320 ·
126 1259 287 1360 patitur?
314 1259 515 1356 Quomodo
534 1257 661 1354 diligit,
687 1261 786 1352 cujus
804 1259 980 1357 originem
992 1283 1071 1337 non
1085 1265 1216 1340 amat?

104 1363 250 1437 'Timet
279 1359 428 1433 forsitan
457 1358 727 1432 redundantiam
760 1359 918 1454 sobolis,
954 1381 1000 1460 ne
1034 1361 1214 1459 laboret,

27 1469 30 1474 '
125 1465 246 1559 plures
262 1459 472 1552 liberando,
497 1481 544 1532 ne
562 1459 696 1539 multos
711 1458 826 1535 ‘faciat
847 1461 1059 1558 haereticos,
1086 1485 1135 1538 nc
1148 1487 1214 1562 ge-

123 1561 328 1638 nerofiores
351 1559 481 1633 habeat
503 1558 739 1632 Marcionitas
756 1573 802 1632 ex
818 1557 1062 1638 Marcionitis.
1114 1563 1157 1640 N
1159 1587 1217 1640 on

126 1663 198 1738 erit
226 1659 417 1736 humanior
441 1659 571 1736 duritia
601 1657 796 1734 Pharaonis
825 1659 1046 1736 nascentium
1079 1687 1213 1740 eneca-

124 1763 223 1853 trix3
248 1761 411 1834 mamille
438 1761 568 1834 animas
588 1757 731 1853 adimit,
767 1760 826 1834 hic
844 1781 921 1834 non
939 1761 1009 1836 dat.
1052 1763 1128 1839 -llle
1147 1789 1213 1842 au·

124 1863 199 1940 fert
217 1883 237 1933 a
256 1861 352 1953 vita,
378 1859 437 1933 hic
462 1879 538 1932 non
561 1858 718 1931 admittit
741 1859 779 1931 in
803 1861 927 1936 vitam.
981 1859 1085 1937 Nihil
1111 1867 1211 1960 apud

8 1979 9 1982 ‘
125 1963 251 2038 ambos
270 1959 314 2032 de
330 1959 526 2032 homicidio
542 1955 681 2046 differt3
708 1955 770 2032 sub
786 1972 945 2054 utroque
962 1961 1076 2038 horno
1095 1965 1211 2040 inter-

123 2059 270 2158 ficitur,
306 2057 367 2132 sub
394 2059 509 2132 altero
532 2058 604 2150 iam
631 2057 766 2152 editus,
800 2057 863 2133 sub
889 2058 1004 2135 altero
1032 2063 1209 2144 edendus.

125 2163 261 2237 Gratus
277 2157 383 2252 esses,
403 2179 428 2230 o
442 2155 525 2231 Dee
539 2157 727 2252 haeretice,
746 2157 771 2232 sr
785 2157 868 2233 isses
883 2163 920 2234 in
936 2160 1209 2256 disposrtionem

126 2260 327 2346 creatoris,
363 2258 463 2351 quod
484 2277 618 2332 marem
644 2257 876 2334 &soeminam
893 2260 1050 2352 miscuit3
1077 2265 1207 2360 utique

124 2363 221 2438 enim
236 2359 271 2433 a
289 2355 460 2432 Marcion
477 2369 560 2432 tuus
579 2371 625 2430 ex
637 2359 772 2454 nuptiis
788 2364 893 2433 natus
910 2359 971 2436 est.
1010 2361 1104 2436 Satis
1127 2366 1207 2442 hac

126 2463 172 2548 de
189 2461 275 2535 Deo
295 2455 522 2551 Marcionis,
551 2479 657 2552 quem
675 2457 710 2534 δι
732 2455 961 2536 definitiones
977 2464 1094 2536 unica
1112 2465 1205 2540 divi-

123 2562 273 2652 nitatis,
301 2559 335 2632 a
356 2559 586 2656 conditiones
601 2557 752 2632 statuum
770 2561 865 2732 ἕως,
893 2563 1044 2640 omnino
1062 2585 1141 2638 non
1155 2563 1206 2640 es-
1281 2619 1282 2634 .

123 2661 160 2737 se
175 2657 413 2749 confirmado
439 2657 499 2732 sed
514 2659 675 2733 &totius
696 2677 770 2752 opu
787 2659 857 2734 culi
870 2657 976 2736 series
992 2663 1030 2735 in
1045 2663 1120 2738 hoc
1133 2667 1205 2740 uti·

123 2783 196 2856 que
220 2757 387 2833 succedit.
440 2756 622 2850 Proinde,
649 2758 674 2832 sr
700 2761 758 2831 cui
783 2757 899 2833 minus
924 2761 1008 2855 quid
1035 2765 1204 2842 uidemur

124 2859 256 2959 egisse,
280 2857 399 2951 speret
410 2859 631 2932 reservatum
646 2855 711 2930 suo
738 2862 915 2954 tempori,
940 2862 1028 2936 ficut
1056 2865 1091 2938 dt
1117 2863 1204 2959 ipsa·

123 2983 204 3036 rum
231 2958 484 3054 scripurarum
515 2957 837 3056 examinationem,
864 2962 999 3055 ,quibus
1023 2956 1203 3044 'Marcion

123 3061 248 3138 utitur.

127 3253 1187 3337 orma-:20

291 3408 537 3488 LIBER
586 3396 1039 3492 SECUNDUS.

106 3565 159 3670 j.
176 3559 376 3735 Occasio
392 3559 610 3634 reformandi
631 3558 789 3653 opusculi
807 3561 937 3660 hujus,
965 3564 1023 3636 cui
1040 3566 1127 3657 quid
1143 3589 1200 3642 ac·
1276 3595 1282 3698 p

23 3699 24 3704 Ν
286 3659 426 3752 ciderit,
438 3659 556 3754 primo
572 3659 698 3732 libello
715 3661 852 3752 praefati
867 3659 999 3757 sumus,
1016 3665 1090 3738 hoc
1109 3687 1200 3760 quo.

123 3773 195 3848 qne
215 3761 372 3832 contulit
386 3759 514 3854 nobis,
539 3761 593 3832 uti
612 3760 756 3834 duobus
774 3763 840 3836 diis
855 3761 1022 3836 adversus
1037 3758 1196 3841 Marcio·

122 3869 207 3935 nem
229 3857 483 3958 retractandis,
517 3856 616 3940 suum
643 3860 944 3982 cuquetitulum
959 3864 1196 4039 (mmmm
