2598 4328
171 153 244 246 438
329 139 537 246 Meet.
567 139 711 220 Fron
743 137 1072 221 Terruerant

174 325 256 400 earn
277 307 354 378 eceli
376 293 530 378 nubibus
552 303 684 394 ¹ludera,
718 302 863 376 sicut&
891 299 1060 394 scriptura
1086 301 1243 378 demon-2

125 477 129 486 ,
172 405 269 486 strat.
319 404 404 478 Hoc
437 403 506 476 dixi
539 399 694 476 sufficere
724 401 875 494 potuisse
907 401 951 471 de
983 401 1244 476 nominatione.
1287 425 1291 474 ι

172 503 385 684 prophetica
419 503 514 575 circa
548 497 658 574 filium
688 501 852 576 hominis.
926 498 996 590 Sed
1032 502 1111 592 plus
1145 501 1238 576 mihi
1288 521 1291 572 ι

190 607 344 698 criptura
371 601 536 692 confert,
573 599 675 694 ipfius
703 599 835 672 scilicet
860 597 994 672 domini
1023 599 1239 692 interpreta-

172 703 286 778 tione.
357 697 460 776 Nam
498 720 577 772 cum
624 697 732 792 Judaei
781 697 1003 774 solummodo
1050 697 1239 774 hominem
1290 749 1291 756 κ

173 801 250 902 ejus
280 801 491 900 intuentes,
524 819 591 871 nec
607 797 696 872 .dum
720 797 888 872 &Deum
919 797 1031 890 certi,
1068 817 1137 888 qua
1160 795 1236 872 Dei

199 921 319 992 uoque
332 895 442 972 lilium
454 897 583 972 merito
599 895 841 986 retrattarent,
851 918 926 977 non
939 893 1037 990 posse
1051 895 1240 974 hominem

101 1044 104 1054 ,
174 921 301 1080 sclicla
319 999 495 1099 dimittere
512 1049 524 1094 ,
557 991 615 1069 sed
635 995 754 1070 Deum
773 994 909 1088 solum,
937 1015 1000 1068 cur
1021 1013 1097 1066 non
1115 993 1250 1070 secun·

174 1099 259 1176 dum
272 1099 511 1180 intentionem
527 1115 652 1168 eorum
670 1095 715 1168 de
728 1096 875 1173 honine
890 1096 939 1168 eis
958 1097 1123 1176 repando.
1164 1097 1241 1166 Ha.
1290 1135 1291 1138 a

173 1197 243 1272 sere
263 1223 331 1270 eum
346 1198 518 1293 potestatem
538 1197 720 1265 dimittendi
746 1195 875 1276 delrc‘ln,
902 1193 1044 1286 quando
1068 1191 1105 1268 θ
1123 1195 1250 1284 filium.

172 1299 314 1382 laminas
329 1303 499 1376 nominans
514 1293 695 1368 hominem
710 1291 939 1368 nominaret?
965 1291 1038 1366 Nisi
1054 1291 1136 1384 quia
1149 1291 1237 1368 ideo

55 1459 60 1470 .
172 1395 247 1496 ipsa
262 1397 382 1468 voluit
398 1415 462 1468 eos
478 1394 717 1488 appellatione
730 1386 790 1486 lilii
805 1392 958 1466 hominis
975 1413 1019 1464 ex
1032 1389 1244 1466 instrumen-

172 1507 217 1570 to
237 1493 394 1571 Danielis
407 1506 655 1588 repercutere,
674 1505 716 1566 ut
736 1492 938 1568 ostenderet
950 1486 1067 1564 Deum
1081 1489 1243 1566 &homi

173 1615 278 1686 nem,
314 1595 373 1688 qui
399 1591 524 1668 deliila
542 1591 755 1684 dimitteret,
787 1591 884 1664 illum
911 1584 1043 1664 scilicet
1065 1587 1179 1664 solum
1199 1587 1251 1664 fi·-

174 1693 262 1768 liom
282 1693 434 1768 hominis
453 1691 545 1784 apud
560 1691 718 1764 Danielis
734 1691 979 1788 prophetiam,
1005 1687 1241 1766 consecutum

172 1789 354 1888 judicandi
370 1791 603 1884 potestatem,
630 1812 670 1862 ac
683 1811 747 1884 per
762 1812 837 1863 eam
853 1792 975 1880 utique
991 1787 1241 1862 &dimittendi

175 1887 311 1966 delitla
363 1891 436 2060 {sui
452 1887 707 1982 enimjudicat,
731 1887 947 1962 &absolvit
997 1885 1052 1962 Ut
1066 1883 1234 1960 scandalo

71 2052 74 2072 ,
174 1985 244 2068 isto
280 1985 373 2060 disco
404 2009 427 2060 o
463 2007 527 2082 per
559 1984 736 2080 scripturae
768 1987 1057 2062 recordationem
1099 1981 1241 2060 facilins

176 2107 262 2168 epm.
275 2083 531 2182 agnoscerent,
563 2085 674 2180 ipsum
692 2083 762 2160 elie
786 2081 894 2158 lilium
911 2085 1064 2158 hominis
1090 2105 1135 2158 ex
1166 2083 1243 2178 ipsa

174 2200 407 2284 peccatorum
443 2183 647 2262 remiffione.
712 2181 879 2278 Denique
915 2183 1081 2276 nusquam
1121 2183 1242 2259 adhue

175 2281 351 2382 professus
368 2281 467 2358 estse
486 2281 596 2358 fih'um
612 2283 787 2376 hominis,
813 2305 915 2376 quam
930 2284 965 2355 in
980 2283 1047 2357 isto
1062 2285 1148 2356 loco
1169 2285 1245 2377 pri·

175 2405 293 2476 mum,
319 2383 355 2456 in
373 2405 445 2473 quo
460 2385 609 2476 primum
625 2397 772 2476 peccata
788 2383 935 2474 dimisit,
961 2383 994 2456 id
1012 2381 1083 2476 est,
1110 2384 1146 2456 in
1164 2405 1244 2475 quo

175 2484 327 2578 primum
337 2483 532 2576 judicavit,
550 2482 632 2555 dum
646 2479 809 2556 absolvit.
836 2479 893 2554 Ad
911 2483 985 2554 haec
996 2481 1244 2576 quodcunque

178 2579 314 2655 diversa
324 2602 404 2674 pars
421 2581 529 2656 irretit
540 2593 793 2677 argumentata,
808 2583 910 2672 quale
922 2583 963 2656 fit
974 2575 1115 2676 inspice.
1140 2579 1244 2657 Nam

176 2677 326 2756 inillam
342 2679 479 2752 necesse
501 2679 551 2754 est
570 2681 756 2754 amentiam
774 2679 915 2773 tendat,
941 2694 983 2752 ut
997 2681 1030 2751 o
1045 2677 1154 2752 lilium
1171 2679 1244 2756 ho·

176 2775 280 2856 minis
302 2777 489 2872 defendat,
520 2800 566 2852 ne
583 2777 787 2852 mendacem
805 2799 884 2852 eum
905 2779 1033 2870 faciat,
1061 2779 1156 2852 &ex
1171 2779 1245 2852 ho·

176 2875 272 2953 mine
286 2879 394 2974 neget
408 2893 542 2970 natum,
562 2873 732 2954 nentium
749 2879 894 2972 virginis
910 2877 1096 2952 concedat
1123 2879 1246 2979 Quod

176 2973 203 3052 st
221 2975 444 3052 &autoritas
463 2977 609 3070 divina,
635 2975 799 3050 &rerum
814 2991 958 3070 natura,
986 2977 1020 3049 δι
1038 2979 1245 3056 communis

175 3071 344 3173 sapientia
362 3097 437 3150 non
457 3075 646 3150 admittunt
666 3075 703 3148 in
727 3073 889 3151 insaniam
916 3077 1136 3168 hereticam,
1176 3097 1246 3172 oc·

178 3173 271 3248 casro
288 3173 337 3248 est
352 3173 386 3250 δι
401 3175 479 3267 hic,
504 3175 751 3266 interpellandi
762 3195 865 3266 quam
883 3175 1081 3250 brevillime
1097 3175 1141 3246 de
1159 3173 1248 3251 lirb.

41 3349 43 3353 ,
175 3269 302 3350 stantia
320 3277 484 3366 corporis
502 3271 668 3348 adversus
686 3269 925 3367 phantasmata
940 3273 1149 3346 Marcionis.
1203 3277 1248 3354 Si

175 3384 281 3448 natus
305 3393 349 3446 ex
370 3373 515 3450 homme
539 3371 610 3462 est,
643 3385 686 3444 ut
705 3367 797 3446 filius
823 3373 1005 3466 hominis,
1039 3391 1170 3464 corpus
1192 3397 1248 3454 ex

177 3491 335 3565 corpore
350 3469 410 3550 est.
459 3469 567 3550 Plane
579 3469 715 3546 facilius
736 3471 897 3545 invenias
916 3471 1095 3548 hominem
1113 3485 1246 3554 natum

178 3589 245 3645 cor
266 3592 343 3644 non
367 3571 498 3666 habere
518 3571 578 3646 vel
599 3569 806 3662 cerebrum,
831 3571 920 3645 sicot
945 3567 1056 3664 ipsum
1076 3569 1244 3646 Marcio·

176 3687 284 3762 nem,
311 3691 414 3762 quam
428 3687 579 3763 corpus,
604 3665 647 3742 ιιι
660 3666 833 3744 Christum
850 3669 1060 3746 Marcionis.
1110 3664 1243 3765 Atque

179 3763 272 3844 adeo
286 3768 421 3866 inspice
437 3788 503 3846 cor
515 3765 657 3846 Pontici
672 3779 734 3846 aot
749 3769 943 3852 cerebrum.
1080 3869 1106 3944 P
1127 3866 1159 3940 Η

411 3924 415 3936 ,
996 3887 1052 3950 11.
1105 3871 1187 3940 rri-
1281 3901 1284 3912 ¹
