2616 4336
191 193 261 268 ¹30
313 169 388 268 ·Q.
407 51 545 254 sier.
570 161 711 243 Faue
738 133 1107 246 Terruerunt

187 333 311 408 arrimae
328 322 447 422 statu,
475 347 580 420 quam
597 320 662 402 alii
672 325 830 404 divinam
846 327 881 402 dt
897 337 1086 425 eternam,
1113 333 1170 406 alii
1187 331 1252 410 dis«

69 491 73 502 .
185 431 373 507 solubilem
393 423 649 522 contendunt,
681 441 724 500 ut
746 429 822 522 quis
842 425 971 523 sensit,
1006 433 1057 504 ita
1081 433 1250 508 &inttdit

42 529 45 538 ’
186 547 249 608 aut
272 529 498 605 reformavit.
545 527 629 602 Nec
653 527 831 603 mirumst
856 543 964 602 vetus
984 529 1251 609 instrumentum

184 633 325 728 ingenia
336 625 636 724 philosophorum
649 627 946 704 interverterunt.
994 629 1053 704 Ex
1065 631 1192 706 horum
1203 633 1252 710 se·

111 822 113 826 ,
183 733 281 810 mine
300 727 505 804 &nostram
520 729 613 802 hanc
626 727 846 802 novitiolam
865 743 1069 824 paraturam
1088 733 1157 806 viri
1179 736 1253 826 qui-

90 837 92 842 ’
185 833 266 906 dnn
284 827 353 904 suis
373 825 605 926 opinionibus
617 828 662 902 ad
677 827 943 923 philosophicas
954 829 1146 906 sententias
1159 833 1255 910 adut-

185 945 421 1023 teraverunt,
448 929 484 1002 dt
501 928 546 1002 de
563 949 635 1002 una
647 929 709 1000 via
720 929 890 1021 obliquos
903 932 1039 1004 multos
1050 933 1253 1010 manitus&

183 1029 448 1126 inextricabiles
464 1027 655 1103 sciderunt
708 1029 822 1128 Quod
838 1030 923 1104 ideo
939 1027 1182 1128 suggesserim,
1205 1055 1255 1108 ne

185 1133 346 1206 minoto
359 1129 515 1202 varietas
531 1125 630 1202 sedere
647 1127 773 1223 hujus,
798 1127 925 1203 inhoc
939 1152 1085 1224 quoque
1095 1153 1164 1206 nos
1178 1133 1254 1228 phi-

143 1245 148 1258 ·
183 1229 344 1328 losophis
362 1229 546 1321 adequare
558 1225 747 1320 videatur,
774 1227 808 1301 dc
824 1251 870 1302 ex
887 1231 1065 1306 varietate
1082 1231 1255 1310 defenfio·

183 1353 270 1408 num
291 1329 431 1423 judicet
454 1327 657 1404 veritatem.
708 1325 888 1422 Expedite
921 1343 1042 1405 autem
1064 1331 1256 1426 prescribi-

183 1451 261 1508 mus
289 1429 459 1502 adulteris
483 1425 636 1522 nostris,
669 1427 764 1502 illam
790 1427 859 1506 effe
884 1430 1043 1526 regulam
1068 1434 1255 1528 veritatis,

108 1542 113 1553 ·
185 1553 262 1624 que
282 1529 409 1618 veniat
429 1551 450 1604 a
470 1525 638 1624 Christo,
664 1527 855 1606 nansndffa
871 1551 938 1626 per
957 1531 1108 1606 comites
1124 1532 1255 1630 ipsius,

59 1623 62 1643 ‘
185 1627 312 1725 qu1bus
331 1630 515 1722 aliquanto
535 1627 755 1723 posteriores
775 1629 905 1704 diversi
923 1629 978 1704 isti
993 1646 1256 1710 commentato-

184 1753 241 1806 res
256 1731 519 1825 probabuntur.
573 1725 705 1802 Omnia
723 1727 890 1804 adversus
908 1731 1101 1804 veritatem
1116 1732 1161 1806 de
1182 1733 1255 1828 ipsa

184 1831 343 1904 veritate
365 1825 568 1903 constructa
584 1825 690 1922 sunt,
727 1830 960 1922 operantibus
992 1831 1256 1908 emulationem

182 1930 283 2009 istan
303 1927 481 2022 spiritibus
507 1929 651 2002 erroris.
702 1923 764 2001 Ab
786 1929 828 2002 iis
855 1929 1028 2004 adulteria
1053 1929 1258 2025 hujusmodi

95 2118 98 2126 1
124 2031 128 2046 '
184 2029 341 2105 salutaris
367 2025 556 2122 discipline
578 2025 796 2122 subornata,
830 2029 874 2101 ab
889 2029 944 2102 his
965 2030 1123 2122 quaedam
1145 2033 1257 2108 etiam

183 2129 312 2206 sabulae
326 2125 499 2222 immisse,
525 2149 603 2220 quae
619 2129 664 2202 de
673 2126 898 2202 similitudine
913 2127 1021 2202 fidem
1032 2126 1259 2207 infirmarent

183 2229 370 2324 veritatis,
397 2226 461 2302 vel
484 2249 563 2302 eam
592 2227 655 2302 srbi
686 2227 810 2324 potius
843 2228 1073 2304 evincerent:
1107 2245 1151 2304 ut
1175 2235 1268 2324 quis.

183 2333 266 2406 ideo
277 2349 354 2404 non
373 2339 479 2422 putet
497 2325 699 2402 Christianis
717 2325 957 2423 credendum,
984 2329 1065 2422 quia
1079 2351 1150 2404 nec
1166 2338 1259 2425 poe-

92 2499 93 2502 ,
182 2433 251 2527 tis,
275 2449 346 2504 nec
362 2424 611 2522 philosophis3
638 2427 701 2500 vel
716 2427 801 2502 ideo
816 2430 924 2524 magis
934 2429 1062 2523 ‘poetis
1081 2429 1115 2502 dt
1137 2431 1258 2524 philo-

183 2529 302 2624 sophis
328 2527 505 2604 existimet
539 2525 778 2621 credendum,
813 2529 1001 2620 quianon
1033 2527 1269 2611 Christianis..

104 2699 125 2712 ,
181 2630 306 2722 ltaque
321 2627 526 2702 &ridemur
542 2627 664 2700 Deum
676 2627 1171 2722 predicentesjudicaturum.
1201 2628 1262 2704 Sic

182 2729 279 2804 enirn
293 2727 329 2801 ἅ
342 2731 464 2820 poete
479 2725 735 2824 &philosophi
748 2729 904 2802 tribunal
921 2727 1016 2822 apud
1030 2729 1170 2802 inferos
1190 2753 1263 2826 po-

181 2839 284 2907 httnt.
334 2825 371 2899 Si
389 2825 589 2922 gehennam
609 2827 895 2922 comminemur,
928 2848 1004 2921 quae
1020 2827 1071 2901 est
1089 2829 1183 2926 ignis
1206 2853 1263 2906 ar·

183 2930 264 3005 cani
282 2925 533 3000 subterraneus
553 2923 597 2998 ad
613 2945 754 3018 poenam
774 2924 987 3022 theletum,
1013 2929 1173 3020 proinde
1198 2931 1262 3006 de·

181 3029 443 3106 cachinnamur.
490 3023 549 3098 Sic
567 3024 661 3098 enim
679 3023 714 3098 u
729 3023 1036 3123 Pyriphlegethon
1051 3027 1148 3121 apud
1158 3051 1264 3107 mor-

180 3147 266 3206 tuos
282 3125 395 3202 emitis
415 3121 478 3200 est.
527 3117 621 3197 Etfi
641 3122 837 3220 paradisum
853 3127 1100 3220 nominemus,
1127 3127 1264 3210 locum

160 3301 162 3306 .
181 3229 312 3306 divine
332 3224 543 3300 nnoemtatis
559 3223 772 3318 recipiendis
786 3223 984 3302 saniiorum
1000 3225 1183 3321 spiritibus
1199 3229 1264 3304 de·

179 3332 365 3420 limatum,
390 3323 544 3398 maceria
565 3323 715 3415 quadam
728 3325 943 3422 igneaeillius
957 3347 1060 3400 zonae
1078 3348 1099 3400 a
1118 3330 1281 3404 notitia·

180 3429 279 3506 orbis
294 3425 494 3502 communis
506 3421 747 3522 segregatum,
771 3419 881 3518 Elysii
888 3425 1004 3520 campi
1017 3421 1127 3500 fidem
1142 3449 1266 3503 occu-

178 3539 371 3627 paverunt.
432 3521 542 3598 Unde
572 3522 669 3618 haec,
703 3543 774 3596 oro
805 3541 899 3619 vos,
931 3525 1158 3620 philosophis
1196 3540 1266 3603 eut

179 3627 300 3726 poe‘tis
318 3639 392 3698 tarn
406 3621 632 3698 consimilia?
663 3641 741 3696 non
756 3621 820 3698 nili
838 3624 883 3699 de
901 3623 1031 3698 nostris
1053 3623 1266 3702 sacramen-

179 3730 237 3802 tis.
263 3725 353 3802 stde
370 3721 499 3795 nostris
520 3719 768 3802 sacramentis,
799 3733 842 3798 ut
865 3723 911 3798 de
925 3725 1134 3820 prioribus,
1162 3749 1265 3826 ergo

116 3845 120 3858 ·
179 3826 342 3932 tideliora
364 3819 446 3900 sunt
467 3818 620 3922 notua,
648 3819 826 3924 magisque
851 3823 1056 3926 credenda,
1082 3847 1267 3944 'quorum

1079 3946 1212 4026 mg,
