2618 4340
361 116 949 220 Deseroracunrs,
1029 203 1032 213 ,
1143 146 1188 207 11

108 284 379 378 cerpolatorem
387 303 460 358 una
475 284 797 382 deprehendimus,
824 306 946 380 neque
958 283 1100 380 mirari,
1128 307 1191 381 ne·

1 410 2 415 ¹
110 406 186 480 que
204 385 392 480 dubitare,
421 399 600 480 oportet,
629 407 738 480 quum
755 383 867 478 ipsum
886 385 1072 460 hominem
1095 405 1193 482 opus
1240 419 1241 424 Ν

75 479 85 492 “
109 483 359 582 &imaginem
374 483 448 560 Dei
470 486 585 560 totius
609 485 851 562 turiversrtatis
876 479 1109 578 possessorem
1130 486 1194 569 illa

106 585 170 658 vis
185 583 461 678 interpolatoris
476 585 518 660 dt
537 585 752 660 aemulatoris
769 585 884 682 angeli
897 587 940 658 ab
955 582 1062 660 initio
1082 585 1193 660 dein·

1 768 2 775 ἵ
108 686 284 784 tegritate
307 685 509 780 dejecerit,
536 684 739 760 universam
758 683 983 760 substantiam
999 685 1075 778 ejus
1098 675 1198 780 pari,v

110 797 172 858 ter
183 807 264 860 cum
281 783 358 880 ipso
375 785 414 861 in
432 785 710 878 perversitatem
722 784 939 860 demutatam
954 783 1121 859 adversus
1138 785 1193 858 in·

110 882 335 962 stitutorem:
366 897 409 958 ut
421 905 527 978 quam
537 885 704 960 doluerat
718 883 856 961 homini
873 881 1094 980 concessam,
1113 905 1194 962 non

111 983 208 1080 nbi,
241 985 281 1060 in
306 1009 350 1060 ea
368 983 442 1079 ipsa
466 985 502 1058 u
523 985 708 1062 hominem
734 1005 837 1060 reum
856 983 943 1062 Deo
964 985 1129 1080 faceret,
1158 983 1195 1060 dt

1 1119 2 1130 ¹
111 1083 213 1162 suam
232 1085 518 1160 dominationem
533 1087 758 1160 conlocaret.
1190 1151 1193 1158 .

1 1259 2 1266 Ν
196 1207 229 1280 3.
258 1186 337 1260 Hac
357 1181 578 1262 conscientia
600 1183 757 1260 instrutii
782 1180 951 1258 adversus
980 1181 1195 1280 opinionem
1307 1183 1308 1186 ‘

112 1283 367 1379 ethnicorum,
393 1300 653 1364 convertamur
667 1285 776 1382 magis
791 1283 835 1358 ad
851 1283 1060 1358 nostrorum
1076 1281 1199 1358 detraa

116 1381 242 1460 slatus
296 1385 535 1485 Quorundam
561 1385 656 1460 enim
679 1381 767 1460 fides
795 1395 858 1459 aut
872 1383 1092 1478 simplicior,
1131 1400 1195 1458 aut
1266 1404 1272 1417 ·

1 1543 3 1552 ,
115 1479 387 1580 scntpulohor,
423 1485 467 1560 ad
493 1485 586 1560 hanc
615 1485 880 1560 abdicationem
910 1481 1217 1576 spectandorum
1292 1491 1294 1496 ’

115 1583 163 1658 de
178 1583 360 1678 scripttuis
379 1583 630 1660 austotitatem
647 1581 829 1680 exposcit,
858 1579 944 1660 &se
960 1583 998 1658 in
1013 1585 1195 1660 incertum

1 1705 2 1718 ¹
115 1683 335 1779 constituit,
369 1683 469 1778 quod
485 1679 818 1782 nonlignificanter
838 1703 957 1776 neque
979 1685 1197 1760 nominatim

113 1785 351 1859 dentmtietur
379 1782 491 1861 servis
511 1784 585 1860 Dei
606 1783 818 1860 abstinentia
838 1781 1021 1878 ejufinodt
1082 1783 1196 1858 Plane

1 1931 3 1978 ,
113 1881 289 1978 nusquam
311 1885 543 1980 invenimus,
576 1883 876 1978 quemadmodum
894 1898 1018 1978 aperte
1037 1883 1196 1980 positum

1 2019 3 2076 ς
117 1982 195 2080 est,
222 1987 303 2058 Non
316 1988 445 2072 occidar,
468 1988 664 2058 novitiolam
686 1987 781 2072 colas,
803 2009 870 2058 mon
889 1985 1102 2072 adulterium,
1127 2009 1197 2058 mo

1 2131 3 2175 ,
106 2085 265 2180 jraadem
282 2087 458 2173 admittere
478 2086 529 2158 ita
541 2099 666 2162 exerte
680 2081 887 2180 definitum,
916 2083 1197 2178 noninCircum

15 2202 20 2211 ·
114 2185 211 2282 ibis,
238 2206 315 2260 non
332 2187 371 2262 in
388 2187 596 2276 theatrum3
626 2207 802 2283 agonem,
829 2205 958 2260 munus
974 2183 1196 2282 nonspesla·

1 2359 3 2376 ‚
114 2285 185 2360 bis.
235 2284 308 2359 Sed
328 2285 532 2366 invenimus
556 2283 601 2359 ad
627 2288 887 2380 huncquoque
910 2283 1196 2382 speciemperti·

1 2460 3 2474 ,
114 2405 209 2460 nore
226 2385 322 2462 illam
338 2387 489 2482 primam
503 2406 637 2462 vocem
652 2385 797 2480 David,
829 2387 943 2474 iilia,
970 2385 1110 2480 inquit,
1139 2385 1198 2486 qur·
1244 2479 1245 2482 Ν

115 2511 187 2558 noo
201 2487 283 2558 abiit
299 2491 339 2558 in
352 2489 518 2558 caeciliam
533 2491 720 2586 impiorum,
742 2487 779 2564 Θ
794 2489 832 2558 im
849 2491 909 2560 vio
924 2503 1115 2584 peccatorum
1128 2511 1198 2563 rim

1 2592 2 2600 ’
113 2585 225 2684 fierit,
246 2583 286 2666 ὅ
306 2595 342 2658 in
355 2585 503 2668 rarhrdra
515 2587 645 2686 peflr'um
657 2611 727 2658 non
735 2588 832 2676 sedit.
882 2585 979 2661 Nam
990 2586 1053 2660 etfi
1065 2585 1198 2680 justum
1276 2629 1283 2638 ·

115 2685 220 2760 iilum
236 2685 382 2764 videtur
398 2685 626 2780 praedicasse,
654 2685 754 2780 quod
767 2687 806 2760 in
821 2685 987 2762 concilio·
1004 2685 1039 2760 u
1056 2687 1095 2760 in
1108 2709 1197 2762 con·

118 2783 208 2862 sellu
229 2787 436 2883 Judaeorum
458 2785 503 2860 de
527 2787 615 2862 Deo
645 2786 857 2886 denegando
890 2783 1197 2882 consultantium,

117 2907 199 2962 non
212 2887 494 2962 communicavit
504 2911 514 2962 ι
524 2953 528 2960 .
539 2888 612 2964 late
626 2899 747 2962 tamen
763 2887 901 2982 semper
917 2885 1091 2980 scriptura
1107 2887 1198 2962 divi.

116 3007 167 3061 na
187 2985 389 3078 dividitur,
414 2987 621 3080 ubicunque
637 2985 830 3062 secundum
850 2986 1032 3084 praesentis
1053 2975 1106 3062 rei
1120 2985 1198 3062 sen-

117 3084 197 3162 sum
211 3087 317 3162 etiam
330 3083 514 3182 disciplina
530 3087 713 3182 munitur,
741 3102 784 3160 ut
800 3073 861 3162 hic
886 3107 1034 3186 quoque
1053 3107 1132 3163 non
1154 3087 1201 3164 fit

118 3185 237 3262 aliena
256 3209 336 3262 vox
359 3209 379 3260 a
401 3183 684 3280 spettaculorum
710 3185 976 3263 interdistione.
1040 3185 1078 3260 Si
1102 3187 1200 3268 enim

118 3285 296 3382 pauculos
322 3301 413 3362 tunc
433 3287 577 3384 Judaeos
594 3286 788 3382 impiorum
804 3287 999 3362 concilium
1022 3287 1199 3382 vocavit,

120 3401 260 3482 qumrto
279 3387 390 3486 magis
416 3400 558 3464 tantum
578 3399 806 3482 conventum
828 3385 963 3465 ethnici
977 3387 1123 3482 populi:
1159 3381 1200 3481 ni

118 3488 170 3584 pii
187 3487 344 3582 ethnici,
370 3483 488 3560 mnus
504 3501 740 3584 peccatores,
767 3488 884 3566 minus
907 3487 1029 3564 hostes
1049 3480 1198 3584 Christi,

121 3607 229 3680 quam
245 3601 334 3662 nme
351 3585 493 3682 Judaei,
528 3607 602 3680 quo
625 3587 660 3662 dc
684 3601 808 3664 cetera
823 3599 1042 3688 congrumrt.
1100 3585 1199 3666 Nan

119 3687 218 3782 apud
238 3683 437 3780 spectacula
456 3683 492 3758 dc
512 3687 550 3760 in
573 3687 636 3762 via
656 3685 777 3764 stanit.
829 3689 919 3764 Vias
942 3687 1038 3762 enim
1058 3699 1200 3770 vocant
1262 3776 1265 3784 ¹

1 3810 2 3870 3
119 3786 285 3866 cardines
313 3787 521 3888 balteorum
541 3807 608 3886 per
632 3787 831 3891 ambitum,
865 3785 1202 3964 &discrimintffpo-

1052 3910 1076 3986 Ρ
1117 3910 1151 3968 ²·
