<?xml version="1.0" encoding="UTF-8"?>
<!DOCTYPE html PUBLIC "-//W3C//DTD XHTML 1.0 Transitional//EN"
    "http://www.w3.org/TR/xhtml1/DTD/xhtml1-transitional.dtd">
<html xmlns="http://www.w3.org/1999/xhtml" xml:lang="en" lang="en">
 <head>
  <title>
</title>
<meta http-equiv="Content-Type" content="text/html;charset=utf-8" />
  <meta name='ocr-system' content='tesseract 3.04.00' />
  <meta name='ocr-capabilities' content='ocr_page ocr_carea ocr_par ocr_line ocrx_word'/>
</head>
<body>
  <div class='ocr_page' id='page_1' title='image "./operaomnia01tertgoog/operaomnia01tertgoog_0103.png"; bbox 0 0 2572 4332; ppageno 0'>
   <div class='ocr_carea' id='block_1_1' title="bbox 9 141 1261 416">
    <p class='ocr_par' dir='ltr' id='par_1_1' title="bbox 9 141 1261 416">
     <span class='ocr_line' id='line_1_1' title="bbox 92 141 1134 258; baseline 0.001 -22"><span class='ocrx_word' id='word_1_1' title='bbox 92 141 1019 239; x_wconf 67' lang='lat' dir='ltr'><strong>Arorourrrcuru‘nven&#39;ruibruris.</strong></span> <span class='ocrx_word' id='word_1_2' title='bbox 1069 155 1134 258; x_wconf 84' lang='lat'><strong>65&#39;</strong></span> 
     </span>
     <span class='ocr_line' id='line_1_2' title="bbox 9 297 1261 416; baseline -0.006 -13"><span class='ocrx_word' id='word_1_3' title='bbox 9 385 13 410; x_wconf 86' lang='lat'>.</span> <span class='ocrx_word' id='word_1_4' title='bbox 43 317 214 416; x_wconf 63' lang='lat' dir='ltr'><strong>nimau,</strong></span> <span class='ocrx_word' id='word_1_5' title='bbox 238 319 437 396; x_wconf 63' lang='lat' dir='ltr'><strong>vacabunt„</strong></span> <span class='ocrx_word' id='word_1_6' title='bbox 461 317 639 394; x_wconf 80' lang='lat' dir='ltr'><strong>sententia</strong></span> <span class='ocrx_word' id='word_1_7' title='bbox 655 339 749 412; x_wconf 88' lang='lat' dir='ltr'><strong>opus</strong></span> <span class='ocrx_word' id='word_1_8' title='bbox 768 317 841 412; x_wconf 86' lang='lat' dir='ltr'><strong>est,</strong></span> <span class='ocrx_word' id='word_1_9' title='bbox 869 305 994 394; x_wconf 87' lang='lat' dir='ltr'><strong>debitd</strong></span> <span class='ocrx_word' id='word_1_10' title='bbox 1008 343 1121 416; x_wconf 77' lang='lat' dir='ltr'><strong>poenae</strong></span> <span class='ocrx_word' id='word_1_11' title='bbox 1257 297 1261 306; x_wconf 35' lang='lat'>⁸</span> 
     </span>
    </p>
   </div>
   <div class='ocr_carea' id='block_1_2' title="bbox 9 411 1259 3791">
    <p class='ocr_par' dir='ltr' id='par_1_2' title="bbox 9 411 1125 516">
     <span class='ocr_line' id='line_1_3' title="bbox 9 411 1125 516; baseline 0.004 -20"><span class='ocrx_word' id='word_1_12' title='bbox 9 411 11 496; x_wconf 75' lang='grc' dir='ltr'>ἶ</span> <span class='ocrx_word' id='word_1_13' title='bbox 44 441 187 499; x_wconf 84' lang='lat' dir='ltr'><strong>nocens</strong></span> <span class='ocrx_word' id='word_1_14' title='bbox 209 418 467 516; x_wconf 83' lang='lat' dir='ltr'><strong>expungendus</strong></span> <span class='ocrx_word' id='word_1_15' title='bbox 487 421 559 512; x_wconf 82' lang='lat' dir='ltr'><strong>est,</strong></span> <span class='ocrx_word' id='word_1_16' title='bbox 584 439 662 492; x_wconf 89' lang='lat' dir='ltr'><strong>non</strong></span> <span class='ocrx_word' id='word_1_17' title='bbox 682 420 901 495; x_wconf 82' lang='lat' dir='ltr'><strong>eximendus.</strong></span> <span class='ocrx_word' id='word_1_18' title='bbox 954 419 1125 514; x_wconf 69' lang='lat' dir='ltr'><strong>Denique</strong></span> 
     </span>
    </p>

    <p class='ocr_par' dir='ltr' id='par_1_3' title="bbox 9 517 1122 616">
     <span class='ocr_line' id='line_1_4' title="bbox 9 517 1122 616; baseline 0.001 -20"><span class='ocrx_word' id='word_1_19' title='bbox 9 527 10 596; x_wconf 65' lang='grc' dir='ltr'>ζ</span> <span class='ocrx_word' id='word_1_20' title='bbox 41 523 145 600; x_wconf 90' lang='lat' dir='ltr'><strong>iilum</strong></span> <span class='ocrx_word' id='word_1_21' title='bbox 161 539 271 596; x_wconf 86' lang='lat' dir='ltr'><strong>nemo</strong></span> <span class='ocrx_word' id='word_1_22' title='bbox 281 517 386 616; x_wconf 83' lang='lat' dir='ltr'><strong>gestit</strong></span> <span class='ocrx_word' id='word_1_23' title='bbox 400 517 611 613; x_wconf 81' lang='lat' dir='ltr'><strong>absoluere,</strong></span> <span class='ocrx_word' id='word_1_24' title='bbox 628 537 704 594; x_wconf 90' lang='lat' dir='ltr'><strong>non</strong></span> <span class='ocrx_word' id='word_1_25' title='bbox 716 522 803 592; x_wconf 86' lang='lat' dir='ltr'><strong>licet</strong></span> <span class='ocrx_word' id='word_1_26' title='bbox 814 521 891 592; x_wconf 90' lang='lat' dir='ltr'><strong>boc</strong></span> <span class='ocrx_word' id='word_1_27' title='bbox 902 523 1020 616; x_wconf 85' lang='lat' dir='ltr'><strong>veile,</strong></span> <span class='ocrx_word' id='word_1_28' title='bbox 1036 523 1122 597; x_wconf 89' lang='lat' dir='ltr'><strong>ideo</strong></span> 
     </span>
    </p>

    <p class='ocr_par' dir='ltr' id='par_1_4' title="bbox 9 615 1259 1416">
     <span class='ocr_line' id='line_1_5' title="bbox 9 615 1233 717; baseline 0.001 -22"><span class='ocrx_word' id='word_1_29' title='bbox 9 627 10 630; x_wconf 67' lang='lat'>‘</span> <span class='ocrx_word' id='word_1_30' title='bbox 40 643 115 700; x_wconf 85' lang='lat' dir='ltr'><strong>uec</strong></span> <span class='ocrx_word' id='word_1_31' title='bbox 133 623 279 717; x_wconf 84' lang='lat' dir='ltr'><strong>cogitur</strong></span> <span class='ocrx_word' id='word_1_32' title='bbox 293 615 474 714; x_wconf 83' lang='lat' dir='ltr'><strong>quisquam</strong></span> <span class='ocrx_word' id='word_1_33' title='bbox 487 639 631 716; x_wconf 84' lang='lat' dir='ltr'><strong>negare.</strong></span> <span class='ocrx_word' id='word_1_34' title='bbox 684 617 917 693; x_wconf 77' lang='lat' dir='ltr'><strong>Cinistianiun</strong></span> <span class='ocrx_word' id='word_1_35' title='bbox 937 621 1123 700; x_wconf 86' lang='lat' dir='ltr'><strong>hominem</strong></span> <span class='ocrx_word' id='word_1_36' title='bbox 1230 655 1233 660; x_wconf 93' lang='lat'>·</span> 
     </span>
     <span class='ocr_line' id='line_1_6' title="bbox 39 717 1176 820; baseline 0.004 -28"><span class='ocrx_word' id='word_1_37' title='bbox 39 721 209 798; x_wconf 13' lang='lat' dir='ltr'><strong>&#39;omnium</strong></span> <span class='ocrx_word' id='word_1_38' title='bbox 223 718 397 794; x_wconf 84' lang='lat' dir='ltr'><strong>scelerum</strong></span> <span class='ocrx_word' id='word_1_39' title='bbox 411 739 535 811; x_wconf 83' lang='lat' dir='ltr'><strong>reum,</strong></span> <span class='ocrx_word' id='word_1_40' title='bbox 563 717 733 813; x_wconf 78' lang='lat' dir='ltr'><strong>deorum,</strong></span> <span class='ocrx_word' id='word_1_41' title='bbox 759 720 1037 820; x_wconf 74' lang='lat' dir='ltr'><strong>imperatorum,</strong></span> <span class='ocrx_word' id='word_1_42' title='bbox 1072 724 1122 795; x_wconf 89' lang='lat' dir='ltr'><strong>le·</strong></span> <span class='ocrx_word' id='word_1_43' title='bbox 1174 777 1176 782; x_wconf 74' lang='lat'>.</span> 
     </span>
     <span class='ocr_line' id='line_1_7' title="bbox 41 817 1123 920; baseline -0.001 -24"><span class='ocrx_word' id='word_1_44' title='bbox 41 843 152 920; x_wconf 80' lang='lat' dir='ltr'><strong>gum,</strong></span> <span class='ocrx_word' id='word_1_45' title='bbox 179 829 342 914; x_wconf 57' lang='lat' dir='ltr'><strong>morum</strong></span> <span class='ocrx_word' id='word_1_46' title='bbox 371 831 507 893; x_wconf 84' lang='lat' dir='ltr'><strong>naturae</strong></span> <span class='ocrx_word' id='word_1_47' title='bbox 525 821 643 892; x_wconf 80' lang='lat' dir='ltr'><strong>totiui</strong></span> <span class='ocrx_word' id='word_1_48' title='bbox 661 817 843 894; x_wconf 88' lang='lat' dir='ltr'><strong>inimicum</strong></span> <span class='ocrx_word' id='word_1_49' title='bbox 865 821 1060 912; x_wconf 62' lang='lat' dir='ltr'><strong>existimas,</strong></span> <span class='ocrx_word' id='word_1_50' title='bbox 1088 817 1123 895; x_wconf 68' lang='grc' dir='ltr'><strong>ἃ</strong></span> 
     </span>
     <span class='ocr_line' id='line_1_8' title="bbox 42 917 1123 1016; baseline -0.003 -20"><span class='ocrx_word' id='word_1_51' title='bbox 42 921 152 1016; x_wconf 80' lang='lat' dir='ltr'><strong>cogis</strong></span> <span class='ocrx_word' id='word_1_52' title='bbox 170 939 326 1016; x_wconf 78' lang='lat' dir='ltr'><strong>negare,</strong></span> <span class='ocrx_word' id='word_1_53' title='bbox 351 929 395 990; x_wconf 87' lang='lat' dir='ltr'><strong>ut</strong></span> <span class='ocrx_word' id='word_1_54' title='bbox 416 917 605 1014; x_wconf 43' lang='lat' dir='ltr'><strong>absolvam</strong></span> <span class='ocrx_word' id='word_1_55' title='bbox 632 939 739 1012; x_wconf 90' lang='lat' dir='ltr'><strong>quem</strong></span> <span class='ocrx_word' id='word_1_56' title='bbox 756 936 832 994; x_wconf 89' lang='lat' dir='ltr'><strong>non</strong></span> <span class='ocrx_word' id='word_1_57' title='bbox 852 924 991 1014; x_wconf 83' lang='lat' dir='ltr'><strong>poteris</strong></span> <span class='ocrx_word' id='word_1_58' title='bbox 1010 919 1123 994; x_wconf 84' lang='lat' dir='ltr'><strong>ubsol-</strong></span> 
     </span>
     <span class='ocr_line' id='line_1_9' title="bbox 41 1019 1259 1116; baseline -0.002 -20"><span class='ocrx_word' id='word_1_59' title='bbox 41 1020 251 1114; x_wconf 79' lang='lat' dir='ltr'><strong>vere,nis1</strong></span> <span class='ocrx_word' id='word_1_60' title='bbox 269 1020 469 1114; x_wconf 57' lang='lat' dir='ltr'><strong>negaverit„</strong></span> <span class='ocrx_word' id='word_1_61' title='bbox 520 1019 766 1094; x_wconf 79' lang='lat' dir='ltr'><strong>Praevaricen&#39;s</strong></span> <span class='ocrx_word' id='word_1_62' title='bbox 779 1020 815 1092; x_wconf 94' lang='lat' dir='ltr'><strong>in</strong></span> <span class='ocrx_word' id='word_1_63' title='bbox 827 1020 937 1116; x_wconf 86' lang='lat' dir='ltr'><strong>leges.</strong></span> <span class='ocrx_word' id='word_1_64' title='bbox 974 1021 1057 1095; x_wconf 54' lang='lat' dir='ltr'><strong>‘Vis</strong></span> <span class='ocrx_word' id='word_1_65' title='bbox 1069 1039 1124 1094; x_wconf 90' lang='lat' dir='ltr'><strong>er·</strong></span> <span class='ocrx_word' id='word_1_66' title='bbox 1209 1105 1211 1110; x_wconf 23' lang='lat'><strong>¹</strong></span> <span class='ocrx_word' id='word_1_67' title='bbox 1258 1065 1259 1076; x_wconf 31' lang='lat' dir='ltr'><strong>r</strong></span> 
     </span>
     <span class='ocr_line' id='line_1_10' title="bbox 42 1116 1125 1220; baseline 0.002 -28"><span class='ocrx_word' id='word_1_68' title='bbox 42 1141 95 1220; x_wconf 77' lang='lat' dir='ltr'><strong>go</strong></span> <span class='ocrx_word' id='word_1_69' title='bbox 111 1133 223 1216; x_wconf 86' lang='lat' dir='ltr'><strong>neget</strong></span> <span class='ocrx_word' id='word_1_70' title='bbox 236 1116 271 1191; x_wconf 84' lang='lat' dir='ltr'><strong>se</strong></span> <span class='ocrx_word' id='word_1_71' title='bbox 286 1133 500 1214; x_wconf 82' lang='lat' dir='ltr'><strong>nocentem,</strong></span> <span class='ocrx_word' id='word_1_72' title='bbox 526 1133 569 1194; x_wconf 88' lang='lat' dir='ltr'><strong>ut</strong></span> <span class='ocrx_word' id='word_1_73' title='bbox 582 1139 664 1192; x_wconf 88' lang='lat' dir='ltr'><strong>eum</strong></span> <span class='ocrx_word' id='word_1_74' title='bbox 676 1119 790 1192; x_wconf 75' lang='lat' dir='ltr'><strong>‘facias</strong></span> <span class='ocrx_word' id='word_1_75' title='bbox 815 1117 1072 1213; x_wconf 72' lang='lat' dir='ltr'><strong>innocentem,</strong></span> <span class='ocrx_word' id='word_1_76' title='bbox 1088 1119 1125 1194; x_wconf 72' lang='lat' dir='ltr'><strong>dc</strong></span> 
     </span>
     <span class='ocr_line' id='line_1_11' title="bbox 43 1218 1126 1315; baseline 0.002 -23"><span class='ocrx_word' id='word_1_77' title='bbox 43 1219 193 1315; x_wconf 85' lang='lat' dir='ltr'><strong>quidem</strong></span> <span class='ocrx_word' id='word_1_78' title='bbox 208 1218 365 1310; x_wconf 84' lang='lat' dir='ltr'><strong>invitum</strong></span> <span class='ocrx_word' id='word_1_79' title='bbox 377 1219 469 1312; x_wconf 82' lang='lat' dir='ltr'><strong>jum,</strong></span> <span class='ocrx_word' id='word_1_80' title='bbox 494 1239 566 1292; x_wconf 87' lang='lat' dir='ltr'><strong>nec</strong></span> <span class='ocrx_word' id='word_1_81' title='bbox 582 1218 627 1294; x_wconf 91' lang='lat' dir='ltr'><strong>de</strong></span> <span class='ocrx_word' id='word_1_82' title='bbox 643 1220 829 1312; x_wconf 75' lang='lat' dir='ltr'><strong>praeterito</strong></span> <span class='ocrx_word' id='word_1_83' title='bbox 847 1239 960 1294; x_wconf 87' lang='lat' dir='ltr'><strong>reum.</strong></span> <span class='ocrx_word' id='word_1_84' title='bbox 1014 1219 1126 1294; x_wconf 80' lang='lat' dir='ltr'><strong>Unde</strong></span> 
     </span>
     <span class='ocr_line' id='line_1_12' title="bbox 42 1317 1220 1416; baseline -0.002 -20"><span class='ocrx_word' id='word_1_85' title='bbox 42 1320 112 1396; x_wconf 84' lang='lat' dir='ltr'><strong>ista</strong></span> <span class='ocrx_word' id='word_1_86' title='bbox 125 1317 366 1414; x_wconf 71' lang='lat' dir='ltr'><strong>perversitas?</strong></span> <span class='ocrx_word' id='word_1_87' title='bbox 392 1332 435 1392; x_wconf 81' lang='lat' dir='ltr'><strong>ut</strong></span> <span class='ocrx_word' id='word_1_88' title='bbox 449 1317 556 1394; x_wconf 77' lang='lat' dir='ltr'><strong>etiam</strong></span> <span class='ocrx_word' id='word_1_89' title='bbox 571 1319 659 1392; x_wconf 89' lang='lat' dir='ltr'><strong>iilud</strong></span> <span class='ocrx_word' id='word_1_90' title='bbox 673 1337 750 1394; x_wconf 88' lang='lat' dir='ltr'><strong>non</strong></span> <span class='ocrx_word' id='word_1_91' title='bbox 765 1319 1005 1416; x_wconf 75' lang='lat' dir='ltr'><strong>recogiteti&#39;8‚¹</strong></span> <span class='ocrx_word' id='word_1_92' title='bbox 1018 1317 1125 1414; x_wconf 72' lang='lat' dir='ltr'><strong>spon2</strong></span> <span class='ocrx_word' id='word_1_93' title='bbox 1215 1362 1220 1372; x_wconf 87' lang='lat'>·</span> 
     </span>
    </p>

    <p class='ocr_par' dir='ltr' id='par_1_5' title="bbox 9 1417 1197 2211">
     <span class='ocr_line' id='line_1_13' title="bbox 9 1417 1155 1516; baseline -0.001 -22"><span class='ocrx_word' id='word_1_94' title='bbox 9 1423 10 1430; x_wconf 67' lang='lat'>‘</span> <span class='ocrx_word' id='word_1_95' title='bbox 43 1431 85 1494; x_wconf 81' lang='lat' dir='ltr'><strong>be</strong></span> <span class='ocrx_word' id='word_1_96' title='bbox 105 1417 269 1494; x_wconf 85' lang='lat' dir='ltr'><strong>confessb</strong></span> <span class='ocrx_word' id='word_1_97' title='bbox 283 1419 393 1516; x_wconf 78' lang='lat' dir='ltr'><strong>magis</strong></span> <span class='ocrx_word' id='word_1_98' title='bbox 414 1417 628 1492; x_wconf 82' lang='lat' dir='ltr'><strong>credendum</strong></span> <span class='ocrx_word' id='word_1_99' title='bbox 647 1417 739 1512; x_wconf 79' lang='lat' dir='ltr'><strong>effe,</strong></span> <span class='ocrx_word' id='word_1_100' title='bbox 765 1439 869 1511; x_wconf 83' lang='lat' dir='ltr'><strong>quam</strong></span> <span class='ocrx_word' id='word_1_101' title='bbox 886 1433 952 1512; x_wconf 86' lang='lat' dir='ltr'><strong>per</strong></span> <span class='ocrx_word' id='word_1_102' title='bbox 970 1420 1045 1492; x_wconf 86' lang='lat' dir='ltr'><strong>vim</strong></span> <span class='ocrx_word' id='word_1_103' title='bbox 1062 1423 1126 1494; x_wconf 85' lang='lat' dir='ltr'><strong>ne-&#39;</strong></span> <span class='ocrx_word' id='word_1_104' title='bbox 1153 1473 1155 1478; x_wconf 84' lang='lat'><em>.</em></span> 
     </span>
     <span class='ocr_line' id='line_1_14' title="bbox 43 1513 1126 1618; baseline -0.003 -23"><span class='ocrx_word' id='word_1_105' title='bbox 43 1513 176 1618; x_wconf 73' lang='lat' dir='ltr'><strong>genti?</strong></span> <span class='ocrx_word' id='word_1_106' title='bbox 199 1519 262 1590; x_wconf 87' lang='lat' dir='ltr'><strong>vel</strong></span> <span class='ocrx_word' id='word_1_107' title='bbox 277 1537 324 1590; x_wconf 90' lang='lat' dir='ltr'><strong>ne</strong></span> <span class='ocrx_word' id='word_1_108' title='bbox 346 1515 547 1609; x_wconf 86' lang='lat' dir='ltr'><strong>conpulsus</strong></span> <span class='ocrx_word' id='word_1_109' title='bbox 572 1537 727 1613; x_wconf 80' lang='lat' dir='ltr'><strong>negare,</strong></span> <span class='ocrx_word' id='word_1_110' title='bbox 753 1537 830 1592; x_wconf 91' lang='lat' dir='ltr'><strong>non</strong></span> <span class='ocrx_word' id='word_1_111' title='bbox 855 1539 902 1594; x_wconf 86' lang='lat' dir='ltr'><strong>ex</strong></span> <span class='ocrx_word' id='word_1_112' title='bbox 924 1515 998 1593; x_wconf 86' lang='lat' dir='ltr'><strong>fide</strong></span> <span class='ocrx_word' id='word_1_113' title='bbox 1018 1537 1126 1616; x_wconf 83' lang='lat' dir='ltr'><strong>nega·</strong></span> 
     </span>
     <span class='ocr_line' id='line_1_15' title="bbox 44 1615 1126 1710; baseline -0.001 -16"><span class='ocrx_word' id='word_1_114' title='bbox 44 1615 123 1694; x_wconf 79' lang='lat' dir='ltr'><strong>riti</strong></span> <span class='ocrx_word' id='word_1_115' title='bbox 152 1615 382 1690; x_wconf 79' lang='lat' dir='ltr'><strong>&amp;absolutus</strong></span> <span class='ocrx_word' id='word_1_116' title='bbox 399 1616 532 1692; x_wconf 85' lang='lat' dir='ltr'>ibidem</span> <span class='ocrx_word' id='word_1_117' title='bbox 546 1616 629 1710; x_wconf 89' lang='lat' dir='ltr'><strong>post</strong></span> <span class='ocrx_word' id='word_1_118' title='bbox 643 1619 799 1692; x_wconf 83' lang='lat' dir='ltr'><strong>tribunal</strong></span> <span class='ocrx_word' id='word_1_119' title='bbox 815 1617 860 1690; x_wconf 88' lang='lat' dir='ltr'><strong>de</strong></span> <span class='ocrx_word' id='word_1_120' title='bbox 876 1615 996 1690; x_wconf 71' lang='lat' dir='ltr'><strong>uestra</strong></span> <span class='ocrx_word' id='word_1_121' title='bbox 1009 1619 1126 1693; x_wconf 80' lang='lat' dir='ltr'><strong>rideat</strong></span> 
     </span>
     <span class='ocr_line' id='line_1_16' title="bbox 45 1713 1127 1813; baseline -0.001 -19"><span class='ocrx_word' id='word_1_122' title='bbox 45 1715 310 1809; x_wconf 72' lang='lat' dir='ltr'><strong>emulatione,</strong></span> <span class='ocrx_word' id='word_1_123' title='bbox 347 1715 478 1791; x_wconf 87' lang='lat' dir='ltr'><strong>iterum</strong></span> <span class='ocrx_word' id='word_1_124' title='bbox 510 1713 739 1794; x_wconf 80' lang='lat' dir='ltr'><strong>Christianus.</strong></span> <span class='ocrx_word' id='word_1_125' title='bbox 818 1715 910 1791; x_wconf 82' lang='lat' dir='ltr'><strong>Cum</strong></span> <span class='ocrx_word' id='word_1_126' title='bbox 948 1718 1056 1813; x_wconf 84' lang='lat' dir='ltr'><strong>igitur</strong></span> <span class='ocrx_word' id='word_1_127' title='bbox 1086 1719 1127 1793; x_wconf 84' lang='lat' dir='ltr'><strong>iri</strong></span> 
     </span>
     <span class='ocr_line' id='line_1_17' title="bbox 44 1813 1164 1910; baseline -0.002 -18"><span class='ocrx_word' id='word_1_128' title='bbox 44 1815 221 1892; x_wconf 86' lang='lat' dir='ltr'><strong>omnibus</strong></span> <span class='ocrx_word' id='word_1_129' title='bbox 235 1815 271 1890; x_wconf 85' lang='lat' dir='ltr'><strong>in</strong></span> <span class='ocrx_word' id='word_1_130' title='bbox 287 1835 360 1888; x_wconf 80' lang='lat' dir='ltr'><strong>nos</strong></span> <span class='ocrx_word' id='word_1_131' title='bbox 382 1816 485 1890; x_wconf 87' lang='lat' dir='ltr'><strong>aliter</strong></span> <span class='ocrx_word' id='word_1_132' title='bbox 500 1813 686 1909; x_wconf 81' lang='lat' dir='ltr'>disponitis</span> <span class='ocrx_word' id='word_1_133' title='bbox 706 1836 810 1910; x_wconf 84' lang='lat' dir='ltr'><strong>quam</strong></span> <span class='ocrx_word' id='word_1_134' title='bbox 831 1815 870 1890; x_wconf 90' lang='lat' dir='ltr'><strong>in</strong></span> <span class='ocrx_word' id='word_1_135' title='bbox 890 1824 1042 1891; x_wconf 85' lang='lat' dir='ltr'><strong>caeteros</strong></span> <span class='ocrx_word' id='word_1_136' title='bbox 1059 1836 1127 1890; x_wconf 87' lang='lat' dir='ltr'><strong>no·</strong></span> <span class='ocrx_word' id='word_1_137' title='bbox 1161 1845 1164 1853; x_wconf 94' lang='lat'><em>·</em></span> 
     </span>
     <span class='ocr_line' id='line_1_18' title="bbox 45 1908 1197 2010; baseline -0.003 -18"><span class='ocrx_word' id='word_1_138' title='bbox 45 1929 202 2008; x_wconf 86' lang='lat' dir='ltr'><strong>centes,</strong></span> <span class='ocrx_word' id='word_1_139' title='bbox 228 1913 264 1988; x_wconf 92' lang='lat' dir='ltr'><strong>id</strong></span> <span class='ocrx_word' id='word_1_140' title='bbox 283 1933 395 1988; x_wconf 89' lang='lat' dir='ltr'><strong>unum</strong></span> <span class='ocrx_word' id='word_1_141' title='bbox 409 1915 690 2010; x_wconf 81' lang='lat' dir='ltr'><strong>contendendo,</strong></span> <span class='ocrx_word' id='word_1_142' title='bbox 716 1929 758 1988; x_wconf 93' lang='lat' dir='ltr'><strong>ut</strong></span> <span class='ocrx_word' id='word_1_143' title='bbox 773 1915 817 1990; x_wconf 91' lang='lat' dir='ltr'><strong>de</strong></span> <span class='ocrx_word' id='word_1_144' title='bbox 832 1917 1047 1992; x_wconf 88' lang='lat' dir='ltr'><strong>eonomine</strong></span> <span class='ocrx_word' id='word_1_145' title='bbox 1065 1908 1127 1990; x_wconf 76' lang='lat' dir='ltr'><strong>ex&#39;·</strong></span> <span class='ocrx_word' id='word_1_146' title='bbox 1193 1949 1197 1956; x_wconf 92' lang='lat'><em>·</em></span> 
     </span>
     <span class='ocr_line' id='line_1_19' title="bbox 45 2011 1124 2110; baseline -0.004 -16"><span class='ocrx_word' id='word_1_147' title='bbox 45 2013 238 2094; x_wconf 79' lang='lat' dir='ltr'><strong>eludamur</strong></span> <span class='ocrx_word' id='word_1_148' title='bbox 259 2011 512 2110; x_wconf 87' lang='lat' dir='ltr'><strong>(excludimur</strong></span> <span class='ocrx_word' id='word_1_149' title='bbox 542 2017 638 2090; x_wconf 88' lang='lat' dir='ltr'><strong>enim</strong></span> <span class='ocrx_word' id='word_1_150' title='bbox 662 2017 687 2090; x_wconf 89' lang='lat' dir='ltr'><strong>s1</strong></span> <span class='ocrx_word' id='word_1_151' title='bbox 710 2014 858 2090; x_wconf 80' lang='lat' dir='ltr'><strong>facinus</strong></span> <span class='ocrx_word' id='word_1_152' title='bbox 880 2037 958 2109; x_wconf 78' lang='lat' dir='ltr'><strong>quae</strong></span> <span class='ocrx_word' id='word_1_153' title='bbox 984 2015 1124 2090; x_wconf 76' lang='lat' dir='ltr'><strong>faciunt</strong></span> 
     </span>
     <span class='ocr_line' id='line_1_20' title="bbox 43 2108 1130 2211; baseline -0.002 -17"><span class='ocrx_word' id='word_1_154' title='bbox 43 2135 130 2194; x_wconf 79' lang='lat' dir='ltr'><strong>non</strong></span> <span class='ocrx_word' id='word_1_155' title='bbox 150 2111 358 2211; x_wconf 75' lang='lat' dir='ltr'><strong>Christiani)</strong></span> <span class='ocrx_word' id='word_1_156' title='bbox 370 2115 572 2210; x_wconf 84' lang='lat' dir='ltr'><strong>intelligere</strong></span> <span class='ocrx_word' id='word_1_157' title='bbox 584 2113 739 2209; x_wconf 22' lang='lat' dir='ltr'><strong>potestis.</strong></span> <span class='ocrx_word' id='word_1_158' title='bbox 754 2137 833 2189; x_wconf 86' lang='lat' dir='ltr'><strong>non</strong></span> <span class='ocrx_word' id='word_1_159' title='bbox 849 2113 962 2190; x_wconf 78' lang='lat' dir='ltr'><strong>scelus</strong></span> <span class='ocrx_word' id='word_1_160' title='bbox 980 2108 1130 2208; x_wconf 81' lang='lat' dir='ltr'><strong>aliquod</strong></span> 
     </span>
    </p>

    <p class='ocr_par' dir='ltr' id='par_1_6' title="bbox 9 2209 1132 2608">
     <span class='ocr_line' id='line_1_21' title="bbox 9 2209 1130 2309; baseline -0.004 -17"><span class='ocrx_word' id='word_1_161' title='bbox 9 2303 10 2306; x_wconf 7' lang='lat' dir='ltr'><strong>p</strong></span> <span class='ocrx_word' id='word_1_162' title='bbox 43 2217 90 2292; x_wconf 82' lang='lat' dir='ltr'><strong>in</strong></span> <span class='ocrx_word' id='word_1_163' title='bbox 108 2212 225 2288; x_wconf 75' lang='lat' dir='ltr'><strong>cauffo</strong></span> <span class='ocrx_word' id='word_1_164' title='bbox 237 2209 330 2307; x_wconf 85' lang='lat' dir='ltr'><strong>effe,</strong></span> <span class='ocrx_word' id='word_1_165' title='bbox 356 2209 416 2287; x_wconf 85' lang='lat' dir='ltr'><strong>sed</strong></span> <span class='ocrx_word' id='word_1_166' title='bbox 434 2233 592 2309; x_wconf 84' lang='lat' dir='ltr'><strong>nomen,</strong></span> <span class='ocrx_word' id='word_1_167' title='bbox 619 2216 719 2307; x_wconf 87' lang='lat' dir='ltr'><strong>quod</strong></span> <span class='ocrx_word' id='word_1_168' title='bbox 736 2216 894 2306; x_wconf 82' lang='lat' dir='ltr'><strong>quaedum</strong></span> <span class='ocrx_word' id='word_1_169' title='bbox 910 2216 1006 2287; x_wconf 81' lang='lat' dir='ltr'><strong>ratio</strong></span> <span class='ocrx_word' id='word_1_170' title='bbox 1024 2233 1130 2288; x_wconf 85' lang='lat' dir='ltr'><strong>aemu·</strong></span> 
     </span>
     <span class='ocr_line' id='line_1_22' title="bbox 45 2311 1129 2410; baseline -0.004 -18"><span class='ocrx_word' id='word_1_171' title='bbox 45 2315 95 2392; x_wconf 75' lang='lat' dir='ltr'><strong>1ae</strong></span> <span class='ocrx_word' id='word_1_172' title='bbox 123 2313 347 2407; x_wconf 84' lang='lat' dir='ltr'><strong>operationis</strong></span> <span class='ocrx_word' id='word_1_173' title='bbox 366 2311 584 2408; x_wconf 76' lang='lat' dir='ltr'><strong>insequitur,</strong></span> <span class='ocrx_word' id='word_1_174' title='bbox 617 2315 692 2389; x_wconf 91' lang='lat' dir='ltr'><strong>boc</strong></span> <span class='ocrx_word' id='word_1_175' title='bbox 707 2316 859 2410; x_wconf 89' lang='lat' dir='ltr'><strong>primum</strong></span> <span class='ocrx_word' id='word_1_176' title='bbox 881 2333 988 2410; x_wconf 82' lang='lat' dir='ltr'><strong>agene</strong></span> <span class='ocrx_word' id='word_1_177' title='bbox 1005 2313 1129 2388; x_wconf 81' lang='lat' dir='ltr'><strong>utho·</strong></span> 
     </span>
     <span class='ocr_line' id='line_1_23' title="bbox 46 2408 1129 2508; baseline -0.007 -16"><span class='ocrx_word' id='word_1_178' title='bbox 46 2413 169 2492; x_wconf 79' lang='lat' dir='ltr'><strong>mines</strong></span> <span class='ocrx_word' id='word_1_179' title='bbox 182 2413 305 2486; x_wconf 88' lang='lat' dir='ltr'><strong>nolint</strong></span> <span class='ocrx_word' id='word_1_180' title='bbox 312 2408 401 2488; x_wconf 89' lang='lat' dir='ltr'><strong>scire</strong></span> <span class='ocrx_word' id='word_1_181' title='bbox 414 2433 485 2507; x_wconf 89' lang='lat' dir='ltr'><strong>pro</strong></span> <span class='ocrx_word' id='word_1_182' title='bbox 504 2429 630 2508; x_wconf 85' lang='lat' dir='ltr'><strong>certo,</strong></span> <span class='ocrx_word' id='word_1_183' title='bbox 646 2415 756 2508; x_wconf 76' lang='lat' dir='ltr'><strong>³quod</strong></span> <span class='ocrx_word' id='word_1_184' title='bbox 771 2412 806 2487; x_wconf 91' lang='lat' dir='ltr'><strong>se</strong></span> <span class='ocrx_word' id='word_1_185' title='bbox 822 2411 960 2494; x_wconf 75' lang='lat' dir='ltr'><strong>nescire</strong></span> <span class='ocrx_word' id='word_1_186' title='bbox 969 2419 1038 2508; x_wconf 85' lang='lat' dir='ltr'><strong>pio</strong></span> <span class='ocrx_word' id='word_1_187' title='bbox 1050 2431 1129 2486; x_wconf 88' lang='lat' dir='ltr'><strong>cer·</strong></span> 
     </span>
     <span class='ocr_line' id='line_1_24' title="bbox 47 2511 1132 2608; baseline -0.004 -18"><span class='ocrx_word' id='word_1_188' title='bbox 47 2527 97 2590; x_wconf 85' lang='lat' dir='ltr'><strong>to</strong></span> <span class='ocrx_word' id='word_1_189' title='bbox 112 2511 241 2587; x_wconf 86' lang='lat' dir='ltr'><strong>sciunt.</strong></span> <span class='ocrx_word' id='word_1_190' title='bbox 291 2511 379 2586; x_wconf 85' lang='lat' dir='ltr'><strong>Ideo</strong></span> <span class='ocrx_word' id='word_1_191' title='bbox 402 2513 436 2588; x_wconf 76' lang='lat' dir='ltr'><strong>du</strong></span> <span class='ocrx_word' id='word_1_192' title='bbox 452 2514 603 2588; x_wconf 89' lang='lat' dir='ltr'><strong>credunt</strong></span> <span class='ocrx_word' id='word_1_193' title='bbox 616 2514 660 2588; x_wconf 89' lang='lat' dir='ltr'><strong>de</strong></span> <span class='ocrx_word' id='word_1_194' title='bbox 676 2516 783 2587; x_wconf 88' lang='lat' dir='ltr'><strong>nobis</strong></span> <span class='ocrx_word' id='word_1_195' title='bbox 796 2533 872 2606; x_wconf 86' lang='lat' dir='ltr'><strong>quae</strong></span> <span class='ocrx_word' id='word_1_196' title='bbox 882 2533 959 2586; x_wconf 92' lang='lat' dir='ltr'><strong>non</strong></span> <span class='ocrx_word' id='word_1_197' title='bbox 973 2514 1132 2608; x_wconf 84' lang='lat' dir='ltr'><strong>proban·</strong></span> 
     </span>
    </p>

    <p class='ocr_par' dir='ltr' id='par_1_7' title="bbox 9 2611 1132 2805">
     <span class='ocr_line' id='line_1_25' title="bbox 9 2611 1132 2707; baseline 0.004 -24"><span class='ocrx_word' id='word_1_198' title='bbox 9 2615 11 2700; x_wconf 76' lang='lat' dir='ltr'>j</span> <span class='ocrx_word' id='word_1_199' title='bbox 47 2628 140 2692; x_wconf 78' lang='lat' dir='ltr'><strong>mr:</strong></span> <span class='ocrx_word' id='word_1_200' title='bbox 176 2611 212 2684; x_wconf 72' lang='grc' dir='ltr'><strong>δι</strong></span> <span class='ocrx_word' id='word_1_201' title='bbox 225 2611 359 2684; x_wconf 87' lang='lat' dir='ltr'><strong>nolunt</strong></span> <span class='ocrx_word' id='word_1_202' title='bbox 380 2612 511 2706; x_wconf 84' lang='lat' dir='ltr'><strong>inquiri</strong></span> <span class='ocrx_word' id='word_1_203' title='bbox 535 2635 583 2686; x_wconf 87' lang='lat' dir='ltr'><strong>ne</strong></span> <span class='ocrx_word' id='word_1_204' title='bbox 599 2614 802 2707; x_wconf 78' lang='lat' dir='ltr'><strong>probentur</strong></span> <span class='ocrx_word' id='word_1_205' title='bbox 821 2631 898 2687; x_wconf 85' lang='lat' dir='ltr'><strong>non</strong></span> <span class='ocrx_word' id='word_1_206' title='bbox 916 2611 1016 2706; x_wconf 74' lang='lat' dir='ltr'><strong>effe,</strong></span> <span class='ocrx_word' id='word_1_207' title='bbox 1051 2628 1132 2706; x_wconf 69' lang='lat' dir='ltr'><strong>quer</strong></span> 
     </span>
     <span class='ocr_line' id='line_1_26' title="bbox 47 2709 1130 2805; baseline -0.006 -13"><span class='ocrx_word' id='word_1_208' title='bbox 47 2713 194 2792; x_wconf 80' lang='lat' dir='ltr'><strong>mabmt</strong></span> <span class='ocrx_word' id='word_1_209' title='bbox 212 2710 311 2784; x_wconf 91' lang='lat' dir='ltr'><strong>credi</strong></span> <span class='ocrx_word' id='word_1_210' title='bbox 324 2709 418 2805; x_wconf 79' lang='lat' dir='ltr'><strong>eise,</strong></span> <span class='ocrx_word' id='word_1_211' title='bbox 442 2725 485 2786; x_wconf 87' lang='lat' dir='ltr'><strong>ut</strong></span> <span class='ocrx_word' id='word_1_212' title='bbox 498 2733 633 2787; x_wconf 90' lang='lat' dir='ltr'><strong>nomen</strong></span> <span class='ocrx_word' id='word_1_213' title='bbox 645 2713 739 2786; x_wconf 86' lang='lat' dir='ltr'><strong>iilius</strong></span> <span class='ocrx_word' id='word_1_214' title='bbox 755 2716 886 2788; x_wconf 80' lang='lat' dir='ltr'><strong>aem&#39;ulae</strong></span> <span class='ocrx_word' id='word_1_215' title='bbox 898 2711 1047 2786; x_wconf 82' lang='lat' dir='ltr'><strong>rationis</strong></span> <span class='ocrx_word' id='word_1_216' title='bbox 1062 2711 1130 2786; x_wconf 90' lang='lat' dir='ltr'><strong>ini·</strong></span> 
     </span>
    </p>

    <p class='ocr_par' dir='ltr' id='par_1_8' title="bbox 9 2808 1142 3606">
     <span class='ocr_line' id='line_1_27' title="bbox 9 2808 1131 2907; baseline -0.002 -18"><span class='ocrx_word' id='word_1_217' title='bbox 9 2820 18 2898; x_wconf 67' lang='grc' dir='ltr'><strong><em>ζ</em></strong></span> <span class='ocrx_word' id='word_1_218' title='bbox 48 2813 213 2904; x_wconf 74' lang='lat' dir='ltr'><strong>micum,</strong></span> <span class='ocrx_word' id='word_1_219' title='bbox 246 2808 465 2905; x_wconf 73' lang='lat' dir='ltr'><strong>praesrunptir</strong></span> <span class='ocrx_word' id='word_1_220' title='bbox 489 2831 566 2888; x_wconf 88' lang='lat' dir='ltr'><strong>non</strong></span> <span class='ocrx_word' id='word_1_221' title='bbox 588 2815 749 2907; x_wconf 78' lang='lat' dir='ltr'><strong>probatis</strong></span> <span class='ocrx_word' id='word_1_222' title='bbox 772 2813 977 2888; x_wconf 82' lang='lat' dir='ltr'><strong>criminibus</strong></span> <span class='ocrx_word' id='word_1_223' title='bbox 1001 2810 1131 2887; x_wconf 78' lang='lat' dir='ltr'><strong>desua</strong></span> 
     </span>
     <span class='ocr_line' id='line_1_28' title="bbox 47 2907 1130 3006; baseline -0.005 -17"><span class='ocrx_word' id='word_1_224' title='bbox 47 2909 133 2989; x_wconf 80' lang='lat' dir='ltr'><strong>sola</strong></span> <span class='ocrx_word' id='word_1_225' title='bbox 143 2909 364 2986; x_wconf 78' lang='lat' dir='ltr'><strong>comeffione</strong></span> <span class='ocrx_word' id='word_1_226' title='bbox 375 2913 569 2988; x_wconf 74' lang='lat' dir='ltr'><strong>damnemur.</strong></span> <span class='ocrx_word' id='word_1_227' title='bbox 620 2911 714 2986; x_wconf 88' lang='lat' dir='ltr'><strong>Ideo</strong></span> <span class='ocrx_word' id='word_1_228' title='bbox 726 2923 937 3006; x_wconf 80' lang='lat' dir='ltr'><strong>torquemur</strong></span> <span class='ocrx_word' id='word_1_229' title='bbox 951 2907 1130 2984; x_wconf 83' lang='lat' dir='ltr'><strong>confiten-</strong></span> 
     </span>
     <span class='ocr_line' id='line_1_29' title="bbox 50 3009 1133 3108; baseline -0.003 -22"><span class='ocrx_word' id='word_1_230' title='bbox 50 3025 138 3104; x_wconf 66' lang='grc' dir='ltr'><strong>ιω,</strong></span> <span class='ocrx_word' id='word_1_231' title='bbox 163 3009 380 3103; x_wconf 80' lang='lat' dir='ltr'><strong>&amp;punimur</strong></span> <span class='ocrx_word' id='word_1_232' title='bbox 393 3009 697 3105; x_wconf 78' lang='lat' dir='ltr'><strong>perseverantes¹‚-</strong></span> <span class='ocrx_word' id='word_1_233' title='bbox 718 3011 988 3086; x_wconf 82' lang='lat' dir='ltr'><strong>&amp;absolvimur</strong></span> <span class='ocrx_word' id='word_1_234' title='bbox 999 3029 1133 3108; x_wconf 83' lang='lat' dir='ltr'><strong>negan-</strong></span> 
     </span>
     <span class='ocr_line' id='line_1_30' title="bbox 51 3107 1131 3204; baseline -0.005 -18"><span class='ocrx_word' id='word_1_235' title='bbox 51 3125 134 3202; x_wconf 76' lang='lat' dir='ltr'><strong>tes,</strong></span> <span class='ocrx_word' id='word_1_236' title='bbox 163 3107 245 3202; x_wconf 86' lang='lat' dir='ltr'><strong>quia</strong></span> <span class='ocrx_word' id='word_1_237' title='bbox 266 3111 422 3184; x_wconf 88' lang='lat' dir='ltr'><strong>nominis</strong></span> <span class='ocrx_word' id='word_1_238' title='bbox 441 3113 599 3204; x_wconf 77' lang='lat' dir='ltr'><strong>prelium</strong></span> <span class='ocrx_word' id='word_1_239' title='bbox 618 3108 683 3185; x_wconf 75' lang='lat' dir='ltr'><strong>est.-</strong></span> <span class='ocrx_word' id='word_1_240' title='bbox 730 3107 1001 3203; x_wconf 81' lang='lat' dir='ltr'><strong>Deniquequid</strong></span> <span class='ocrx_word' id='word_1_241' title='bbox 1019 3109 1065 3182; x_wconf 87' lang='lat' dir='ltr'><strong>de</strong></span> <span class='ocrx_word' id='word_1_242' title='bbox 1078 3121 1131 3182; x_wconf 69' lang='lat' dir='ltr'><strong>ta·</strong></span> 
     </span>
     <span class='ocr_line' id='line_1_31' title="bbox 51 3208 1132 3303; baseline -0.004 -17"><span class='ocrx_word' id='word_1_243' title='bbox 51 3209 155 3286; x_wconf 83' lang='lat' dir='ltr'><strong>bella</strong></span> <span class='ocrx_word' id='word_1_244' title='bbox 169 3209 328 3284; x_wconf 84' lang='lat' dir='ltr'><strong>recitatis</strong></span> <span class='ocrx_word' id='word_1_245' title='bbox 341 3209 442 3284; x_wconf 89' lang='lat' dir='ltr'><strong>illum</strong></span> <span class='ocrx_word' id='word_1_246' title='bbox 464 3209 719 3303; x_wconf 82' lang='lat' dir='ltr'><strong>Christianum,</strong></span> <span class='ocrx_word' id='word_1_247' title='bbox 747 3219 908 3286; x_wconf 78' lang='lat' dir='ltr'><strong>crunon</strong></span> <span class='ocrx_word' id='word_1_248' title='bbox 927 3208 962 3283; x_wconf 75' lang='lat' dir='ltr'><strong>dr</strong></span> <span class='ocrx_word' id='word_1_249' title='bbox 981 3208 1132 3282; x_wconf 75' lang='lat' dir='ltr'><strong>homici</strong></span> 
     </span>
     <span class='ocr_line' id='line_1_32' title="bbox 52 3301 1142 3402; baseline -0.004 -18"><span class='ocrx_word' id='word_1_250' title='bbox 52 3303 166 3384; x_wconf 70' lang='lat' dir='ltr'><strong>uani</strong></span> <span class='ocrx_word' id='word_1_251' title='bbox 191 3305 229 3380; x_wconf 90' lang='lat' dir='ltr'><strong>Si</strong></span> <span class='ocrx_word' id='word_1_252' title='bbox 244 3308 425 3396; x_wconf 82' lang='lat' dir='ltr'><strong>homicida</strong></span> <span class='ocrx_word' id='word_1_253' title='bbox 444 3305 684 3402; x_wconf 79' lang='lat' dir='ltr'><strong>Christianus,</strong></span> <span class='ocrx_word' id='word_1_254' title='bbox 718 3325 782 3384; x_wconf 87' lang='lat' dir='ltr'><strong>cur</strong></span> <span class='ocrx_word' id='word_1_255' title='bbox 800 3325 876 3382; x_wconf 87' lang='lat' dir='ltr'><strong>non</strong></span> <span class='ocrx_word' id='word_1_256' title='bbox 893 3307 928 3382; x_wconf 75' lang='lat' dir='ltr'><strong>bu</strong></span> <span class='ocrx_word' id='word_1_257' title='bbox 947 3301 1142 3383; x_wconf 77' lang='lat' dir='ltr'><strong>mceiuur·</strong></span> 
     </span>
     <span class='ocr_line' id='line_1_33' title="bbox 52 3402 1132 3502; baseline -0.003 -19"><span class='ocrx_word' id='word_1_258' title='bbox 52 3409 123 3483; x_wconf 84' lang='lat' dir='ltr'><strong>vel</strong></span> <span class='ocrx_word' id='word_1_259' title='bbox 137 3403 380 3502; x_wconf 87' lang='lat' dir='ltr'><strong>quodcunque</strong></span> <span class='ocrx_word' id='word_1_260' title='bbox 399 3407 494 3482; x_wconf 81' lang='lat' dir='ltr'><strong>aliud</strong></span> <span class='ocrx_word' id='word_1_261' title='bbox 510 3429 577 3484; x_wconf 87' lang='lat' dir='ltr'><strong>nos</strong></span> <span class='ocrx_word' id='word_1_262' title='bbox 599 3407 668 3482; x_wconf 80' lang='lat' dir='ltr'><strong>effe</strong></span> <span class='ocrx_word' id='word_1_263' title='bbox 684 3407 862 3482; x_wconf 71' lang='lat' dir='ltr'><strong>creditis?</strong></span> <span class='ocrx_word' id='word_1_264' title='bbox 893 3405 1058 3482; x_wconf 80' lang='lat' dir='ltr'><strong>innubis</strong></span> <span class='ocrx_word' id='word_1_265' title='bbox 1075 3402 1132 3480; x_wconf 86' lang='lat' dir='ltr'><strong>so·</strong></span> 
     </span>
     <span class='ocr_line' id='line_1_34' title="bbox 53 3505 1131 3606; baseline -0.004 -22"><span class='ocrx_word' id='word_1_266' title='bbox 53 3505 102 3584; x_wconf 75' lang='lat' dir='ltr'><strong>iis</strong></span> <span class='ocrx_word' id='word_1_267' title='bbox 117 3505 233 3601; x_wconf 88' lang='lat' dir='ltr'><strong>pudet</strong></span> <span class='ocrx_word' id='word_1_268' title='bbox 253 3521 315 3581; x_wconf 85' lang='lat' dir='ltr'><strong>aut</strong></span> <span class='ocrx_word' id='word_1_269' title='bbox 331 3509 431 3606; x_wconf 82' lang='lat' dir='ltr'><strong>piget</strong></span> <span class='ocrx_word' id='word_1_270' title='bbox 450 3507 531 3600; x_wconf 83' lang='lat' dir='ltr'><strong>ipfis</strong></span> <span class='ocrx_word' id='word_1_271' title='bbox 552 3507 756 3584; x_wconf 84' lang='lat' dir='ltr'><strong>nominibus</strong></span> <span class='ocrx_word' id='word_1_272' title='bbox 779 3507 950 3582; x_wconf 81' lang='lat' dir='ltr'><strong>scelerum</strong></span> <span class='ocrx_word' id='word_1_273' title='bbox 972 3523 1131 3600; x_wconf 88' lang='lat' dir='ltr'><strong>pronun·</strong></span> 
     </span>
    </p>

    <p class='ocr_par' dir='ltr' id='par_1_9' title="bbox 9 3601 1250 3698">
     <span class='ocr_line' id='line_1_35' title="bbox 9 3601 1250 3698; baseline 0.001 -18"><span class='ocrx_word' id='word_1_274' title='bbox 9 3677 10 3680; x_wconf 11' lang='lat' dir='ltr'><strong>u</strong></span> <span class='ocrx_word' id='word_1_275' title='bbox 54 3605 181 3682; x_wconf 74' lang='lat' dir='ltr'><strong>riurei</strong></span> <span class='ocrx_word' id='word_1_276' title='bbox 208 3601 463 3682; x_wconf 82' lang='lat' dir='ltr'><strong>Christianusfi</strong></span> <span class='ocrx_word' id='word_1_277' title='bbox 485 3608 614 3681; x_wconf 75' lang='lat' dir='ltr'><strong>uirilius</strong></span> <span class='ocrx_word' id='word_1_278' title='bbox 631 3609 787 3682; x_wconf 83' lang='lat' dir='ltr'><strong>criminis</strong></span> <span class='ocrx_word' id='word_1_279' title='bbox 803 3625 885 3680; x_wconf 85' lang='lat' dir='ltr'><strong>reus</strong></span> <span class='ocrx_word' id='word_1_280' title='bbox 904 3603 977 3698; x_wconf 75' lang='lat' dir='ltr'><strong>est3</strong></span> <span class='ocrx_word' id='word_1_281' title='bbox 994 3623 1131 3682; x_wconf 83' lang='lat' dir='ltr'><strong>nomen</strong></span> <span class='ocrx_word' id='word_1_282' title='bbox 1248 3641 1250 3652; x_wconf 92' lang='lat'>·</span> 
     </span>
    </p>

    <p class='ocr_par' dir='ltr' id='par_1_10' title="bbox 17 3699 918 3791">
     <span class='ocr_line' id='line_1_36' title="bbox 17 3699 918 3791; baseline -0.002 -7"><span class='ocrx_word' id='word_1_283' title='bbox 17 3777 30 3791; x_wconf 83' lang='lat'>.</span> <span class='ocrx_word' id='word_1_284' title='bbox 55 3707 168 3784; x_wconf 69' lang='lat' dir='ltr'><strong>valde</strong></span> <span class='ocrx_word' id='word_1_285' title='bbox 186 3702 351 3782; x_wconf 76' lang='lat' dir='ltr'><strong>infestum</strong></span> <span class='ocrx_word' id='word_1_286' title='bbox 364 3708 391 3780; x_wconf 88' lang='lat' dir='ltr'>fi</span> <span class='ocrx_word' id='word_1_287' title='bbox 403 3705 512 3782; x_wconf 86' lang='lat' dir='ltr'><strong>solius</strong></span> <span class='ocrx_word' id='word_1_288' title='bbox 526 3707 684 3784; x_wconf 77' lang='lat' dir='ltr'><strong>nominis</strong></span> <span class='ocrx_word' id='word_1_289' title='bbox 701 3707 837 3784; x_wconf 82' lang='lat' dir='ltr'><strong>crimen</strong></span> <span class='ocrx_word' id='word_1_290' title='bbox 857 3699 918 3782; x_wconf 86' lang='lat' dir='ltr'><strong>est.</strong></span> 
     </span>
    </p>
   </div>
   <div class='ocr_carea' id='block_1_3' title="bbox 112 3857 1103 4006">
    <p class='ocr_par' dir='ltr' id='par_1_11' title="bbox 112 3857 1103 4006">
     <span class='ocr_line' id='line_1_37' title="bbox 112 3857 1103 4006; baseline -0.005 -24"><span class='ocrx_word' id='word_1_291' title='bbox 112 3878 483 4002; x_wconf 56' lang='lat' dir='ltr'><strong>rmureur&#39;</strong></span> <span class='ocrx_word' id='word_1_292' title='bbox 660 3899 695 3988; x_wconf 73' lang='lat' dir='ltr'><strong>u</strong></span> <span class='ocrx_word' id='word_1_293' title='bbox 955 3857 1103 4006; x_wconf 71' lang='lat' dir='ltr'><strong>quur</strong></span> 
     </span>
    </p>
   </div>
   <div class='ocr_carea' id='block_1_4' title="bbox 0 0 1302 4332">
    <p class='ocr_par' dir='ltr' id='par_1_12' title="bbox 0 0 1302 4332">
     <span class='ocr_line' id='line_1_38' title="bbox 0 0 1302 4332; baseline 0 0"><span class='ocrx_word' id='word_1_294' title='bbox 0 0 1302 4332; x_wconf 95' lang='lat' dir='ltr'><strong> </strong></span> 
     </span>
    </p>
   </div>
  </div>
 </body>
</html>
