2612 4328
220 137 479 199 nuvnnsus
504 121 840 196 blateronem.
869 121 971 198 Lrn.
997 107 1028 196 l.
1084 108 1166 226 ·299‘
1283 179 1286 184 .

129 306 201 366 um.
217 265 343 360 ‘Pdrro
357 279 1079 382 summummagmm,unicums1tnecelle
1095 288 1156 364 est.

118 411 183 488 rgo
199 387 350 462 &Deus
364 387 492 460 ruricus
507 386 597 478 erit,
623 403 699 457 non
714 383 816 456 aliter
830 381 962 480 Deus,
989 385 1054 460 nist
1071 385 1160 462 sum·

6 517 17 588 q·
88 491 383 586 mum'magnum.
445 486 530 562 Nec
553 486 656 583 aliter
678 479 850 566 summum
870 507 1059 582 magnum,
1097 487 1162 566 nill
1230 569 1234 578 p
1287 561 1292 566 ,

86 611 207 685 parem
226 589 466 664 nonhabens.
516 585 601 660 Nec
627 583 728 670 aliter
753 604 876 678 parem
898 608 975 660 non
1000 585 1161 685 habens,

85 690 145 764 nisr
172 689 300 764 unicus
326 687 448 761 fuerit.
501 685 612 760 Certe
635 705 885 778 quemcunque
905 687 1013 761 alium
1035 685 1160 766 Deum

6 797 8 832 =
85 791 290 882 induxeris,
315 809 394 861 non
416 787 484 860 alia
497 787 640 880 poteris
659 805 741 862 cum
757 785 875 860 forma
896 787 992 860 tueri
1012 785 1158 888 Deum,

6 903 7 912 ‘
87 904 247 984 quamut
261 887 296 964 dt
310 887 362 961 illi
380 887 571 982 proprium
584 885 781 960 divinitatis
802 885 1043 980 adscripseris,¹
1069 887 1160 965 ficut

83 1007 286 1083 eternum,
311 989 363 1060 ita
382 985 416 1060 &
433 985 606 1061 summum
627 1005 805 1081 magnum.
857 985 947 1058 Duo
963 1005 1051 1083 ergo
1072 987 1162 1066 sum·
1299 1017 1300 1066 l

6 1117 9 1192 ξ
83 1108 143 1164 ma
158 1109 285 1186 magna
301 1087 489 1180 quomodo
505 1085 719 1179 consistent,
747 1104 829 1160 cum
845 1086 921 1160 hoc
935 1086 980 1162 fit
990 1086 1164 1168 summum

6 1249 8 1284 q
82 1211 275 1287 magnum,
300 1209 365 1282 par
386 1209 464 1262 non
485 1187 644 1261 haberet
674 1187 743 1260 Par
765 1197 883 1260 autem
905 1207 984 1262 non
1006 1186 1163 1288 habere,
1188 1184 1216 1275 ,’

6 1361 8 1384 ,
32 1357 35 1364 ,
81 1291 152 1364 uni
170 1302 376 1382 competat,
410 1290 448 1362 in
471 1288 613 1361 duobus
636 1285 706 1362 elie
721 1289 825 1360 nullo
841 1287 956 1362 modo
976 1289 1112 1385 polbt?

161 1411 197 1479 4.
213 1387 282 1462 Sed
299 1389 603 1485 argumentabitur
618 1389 790 1480 quilibet,
817 1386 918 1481 polle
933 1388 969 1462 u
984 1390 1059 1464 duo
1075 1389 1164 1468 ssim·
1211 1420 1213 1433 ¹

6 1527 9 1580 ι,
81 1511 143 1566 ma
156 1509 284 1584 magna
302 1487 516 1580 consistere,
553 1485 713 1562 distindta
728 1501 835 1580 atque
854 1486 1027 1582 disjundca
1043 1491 1082 1564 in
1095 1490 1165 1566 suis

6 1627 8 1680 q
82 1585 239 1682 linibus,
276 1589 311 1662 dc
332 1589 459 1680 utique
477 1588 676 1662 advocabit
695 1587 918 1682 exemplum:
942 1586 1072 1687 Regna
1092 1605 1166 1666 ter-

6 1727 8 1772 r
81 1707 205 1762 rarum
225 1701 326 1762 tanta
350 1707 526 1792 numero,
552 1687 726 1761 &tamen
743 1685 876 1762 summa
895 1709 1021 1785 magna
1037 1693 1075 1764 in
1096 1693 1166 1767 suis

6 1785 8 1858 ἶ
83 1790 287 1883 quibusque
301 1789 523 1884 regionibus,
548 1787 584 1860 dc
598 1789 741 1880 putabit
753 1789 887 1882 ubique
902 1789 1057 1863 humana
1076 1791 1166 1866 divi·
1277 1861 1287 1879 ,

82 1893 141 1963 nis
163 1887 394 1966 conferenda.
447 1890 526 1985 Jam
540 1909 629 1984 ergo
646 1887 671 1962 fi
688 1889 777 1962 huic
790 1891 1091 1984 atgtmrentationi
1110 1895 1168 1968 lo·

6 2047 7 2076 q
85 1987 339 2081 eustanum,
378 1989 463 2082 quid
487 1987 662 2083 prohibet
685 2010 762 2061 non
778 1987 871 2062 dico
898 1989 932 2062 ta
957 1993 1105 2066 tertium
1129 1994 1168 2075 oc

85 2101 252 2182 quartum
283 2089 405 2162 Deum
428 2089 621 2181 inducere,
656 2109 788 2163 verum
812 2101 874 2161 tot
893 2089 968 2182 jam
992 2113 1167 2187 numero,
1196 2176 1200 2187 ¹

85 2203 181 2283 quot
209 2187 427 2286 &gentium
450 2187 581 2285 regesi
606 2189 666 2262 De
688 2189 776 2262 Deo
803 2191 941 2286 agitem,
967 2193 1070 2284 cujus
1092 2193 1170 2268 hoc
1237 2276 1239 2284 ,

6 2383 7 2388 Ν
82 2289 333 2386 principaliter
356 2289 545 2383 proprium
573 2287 649 2383 est,
685 2289 818 2364 nulllus
851 2291 1007 2385 exempli
1036 2311 1168 2386 capere
1299 2355 1300 2360 r

85 2390 410 2485 comparationem.
445 2387 533 2463 Hoc
550 2403 676 2462 natura
690 2387 783 2483 ipsa,
810 2387 837 2462 li
852 2409 929 2462 non
945 2389 1071 2481 aliquis
1085 2389 1169 2465 Esa-

6 2515 7 2544 ³
83 2491 162 2586 ias,
190 2491 253 2563 vel
271 2488 343 2584 ipse
364 2511 430 2584 per
452 2487 590 2562 Esaiam
605 2487 730 2583 Deus,
758 2489 1047 2564 concionabitur.
1100 2489 1170 2567 Cui

6 2633 8 2686 q
85 2613 145 2666 me
160 2589 405 2664 lrrmlabitits?
430 2587 577 2663 Divinis
603 2587 753 2663 forsitan
778 2589 1085 2684 comparabuntur
1104 2593 1171 2670 hu·
1196 2636 1202 2642 -

6 2735 9 2790 q
87 2713 214 2766 mana:
239 2691 326 2766 Deo
336 2689 484 2764 nostra?
509 2687 622 2764 Aliud
640 2688 860 2783 enimDeus,
878 2689 973 2763 aliud
989 2712 1068 2783 quae
1082 2691 1168 2771 Dei.
1259 2709 1281 2718 “

6 2795 7 2880 J
86 2793 283 2884 Denique,
321 2791 382 2884 qui
418 2791 586 2886 exemplo
622 2789 734 2864 uteris
771 2791 891 2888 regis,
918 2791 1013 2884 quast
1044 2789 1172 2870 summi

6 2911 9 2992 ῥ
86 2893 232 2989 magni,
257 2891 343 2965 vide
360 2913 407 2966 ne
418 2891 700 2985 jannonpoffis
724 2911 771 2965 eo
787 2893 854 2966 uti.
878 2891 962 2966 Rex
988 2893 1084 2971 eninr
1107 2893 1172 2970 etti

6 3075 8 3088 Ι
86 2991 266 3068 firminum
279 3013 446 3090 magnum
463 2989 514 3066 est
536 2992 576 3064 in
600 2989 665 3064 l'uo
687 2988 780 3066 solio
805 2989 915 3084 usque
949 2991 995 3066 ad
1027 2993 1172 3090 Deum,

6 3095 12 3192 ζ
86 3093 214 3168 tamen
239 3089 332 3165 infra
353 3093 485 3168 Deum.
550 3090 789 3190 Comparatus
810 3103 930 3166 autem
958 3090 1004 3165 ad
1026 3089 1171 3190 Deum,

6 3241 7 3248 κ
90 3193 239 3268 excidet
263 3193 336 3285 jan
361 3191 408 3268 de
433 3190 571 3268 summo
595 3213 737 3290 magno·
752 3191 940 3265 translatio
966 3191 1006 3266 in
1034 3193 1170 3270 Deum.

6 3349 9 3394 q
30 3352 33 3362 2
89 3292 180 3370 Hoc
200 3291 226 3366 fi
245 3293 320 3385 ita,
347 3292 536 3386 quomodo
551 3293 663 3366 uteris
680 3293 755 3386 ejus
774 3293 827 3365 rei
849 3293 1020 3386 exemplo
1038 3291 1082 3365 ad
1097 3291 1173 3368 Dei

6 3419 9 3492 ᾗ
92 3392 419 3486 comparationem
437 3415 514 3487 quae
529 3393 613 3468 dum
628 3391 672 3465 ad
687 3393 997 3486 comparationem
1015 3387 1170 3487 accedit,

90 3492 294 3570 amittitur?
321 3494 422 3594 Quid
434 3513 554 3589 nunc,
585 3492 699 3568 srnec
715 3495 810 3567 inter
829 3513 930 3589 reges
948 3485 1179 3585 plurifarium¹
1226 3532 1231 3544 ·

90 3594 212 3668 videri
226 3593 349 3687 potest
362 3594 533 3669 summum
551 3615 743 3688 magnum,
768 3591 829 3666 sed
843 3592 989 3666 unicum
1007 3591 1043 3664 dc
1060 3593 1175 3694 fingu-

6 3701 7 3708 '
90 3695 193 3787 lare,
220 3693 316 3789 apud
335 3717 416 3770 eum
431 3692 588 3787 scilicet,
625 3692 684 3785 qui
704 3713 768 3766 rex
784 3712 910 3788 regum
929 3693 979 3765 ob
999 3689 1179 3772 summita·

6 3883 8 3896 Ι
91 3807 167 3872 tem
179 3790 744 3894 magnitudinisusubjenionem
758 3805 973 3871 caeterorum
991 3795 1178 3894 graduum,

1018 3897 1127 3998 tquast
