2598 4328
29 197 44 245 γ’
165 261 262 354 ιςιό
339 259 386 356 Q.
411 254 547 332 sm.
575 247 707 332 stoa.
735 213 1137 369 Terruerunt·

40 425 45 434 '
189 415 392 494 retractari:
418 433 478 490 aut
494 431 692 496 creatorem
713 419 748 490 in
767 413 908 490 Christo
924 415 967 490 ad
982 417 1094 511 legem
1109 435 1262 507 provot
1286 459 1295 493 a

191 520 282 597 cari:
308 518 431 608 siquid
449 518 550 590 aliter
563 539 668 606 quam
689 519 767 613 lege
790 515 966 606 distinxit,
993 513 1064 608 ipse
1080 513 1256 608 perfecitz
1287 593 1295 610 „

119 691 123 710 ,
191 618 272 694 'cum
293 617 393 690 aliter
413 618 537 709 utique
552 617 716 690 dominus
734 633 798 711 per
816 611 1035 708 semetipsum
1056 627 1255 708 operetur,

189 719 264 796 sure
283 738 347 814 per
365 715 499 810 filium,
526 718 626 790 aliter
644 737 708 808 per
724 716 943 810 propbetas,
968 713 1123 788 famulos
1148 711 1255 804 suos,

188 818 349 894 mexirnae
363 816 580 889 documenta
589 817 734 887 virtutis
751 815 787 886 u
800 813 1007 908 potestatis,
1034 835 1115 904 quae·
1123 825 1167 885 ut
1185 815 1258 887 cla·

75 923 78 938 '
189 918 288 990 riora
305 915 340 987 dr
364 916 539 993 validiora
557 935 626 1006 qua
644 915 816 1007 propria,
851 912 976 988 distare
996 935 1024 986 a.
1032 913 1175 986 vicariis
1201 911 1257 988 sed

80 1013 86 1030 '
190 1015 253 1092 est.
303 1012 372 1088 Sed
405 1015 575 1108 ejusmodi
600 1012 635 1086 u
659 1015 740 1087 alibi
765 1015 835 1105 J'am
860 1011 950 1085 dista
975 1011 1054 1086 sunt
1079 1013 1117 1084 in
1141 1011 1256 1084 docu-

188 1129 315 1190 mento
345 1113 538 1208 superiore.
592 1113 701 1186 Nunc
732 1113 794 1186 ets1
818 1112 983 1209 prefatus
1007 1111 1081 1201 est,
1117 1111 1292 1198 multoe,

189 1227 279 1290 tunc
296 1209 396 1288 fuiss‘e
410 1211 570 1307 leprosos
595 1211 687 1304 apud
706 1211 892 1304 Israelem,
918 1213 955 1286 in
972 1212 1097 1286 diebus
1112 1207 1271 1304 Heiisei.

189 1314 397 1410 prophete,
425 1312 654 1386 &neminem
668 1332 794 1384 eorum
806 1325 992 1406 purgatum
1013 1309 1074 1384 nisi
1089 1309 1127 1382 N
1130 1331 1259 1386 eernan

189 1411 339 1503 symm:
370 1432 448 1486 non
462 1412 585 1502 utique
600 1411 635 1483 dt
647 1431 815 1484 numerus
830 1411 939 1484 saciet
956 1411 999 1484 ad
1015 1406 1270 1494 differentiam,

151 1515 155 1522 '
188 1507 379 1603 Deorum,
403 1514 442 1584 in
469 1509 740 1586 destructionem
773 1512 968 1601 creatoris,
994 1530 1109 1584 unum
1141 1516 1279 1588 reme-.-

187 1609 402 1702 *dianna-d
418 1611 661 1708 prelationem
686 1611 782 1702 ejus,
808 1611 867 1700 qui
894 1609 1017 1682 decern
1042 1608 1266 1686 emundarit:

190 1710 284 1812 Quis
299 1710 393 1784 enim
408 1712 583 1784 dubitabit
602 1712 722 1804 plures
734 1705 886 1802 potuisse
904 1711 1018 1782 curari
1038 1711 1081 1782 ab
1099 1729 1166 1798 eo,
1195 1705 1265 1800 qus

188 1829 300 1912 eanum
327 1807 499 1900 curasset,
527 1831 630 1900 quam
655 1811 698 1884 ab
725 1809 790 1882 isio
817 1807 1047 1900 decem,‘qui
1072 1827 1262 1897 nunquam

187 1918 290 1996 detto
300 1908 435 1984 unums
460 1905 533 1982 Sed
545 1911 610 1982 hac
625 1929 706 1980 cum
721 1907 871 1982 maxime
883 1907 1179 2000 pronuntiatione
1191 1905 1261 1980 dif-

187 1997 370 2079 fidentiam
380 2005 585 2080 Israelisvel
597 2005 793 2099 superbiam
806 2005 935 2099 puisat:
955 2005 1051 2098 quod
1063 2027 1144 2078 etun
1152 2008 1262 2082 multi

76 2103 80 2110 “
189 2102 303 2183 essent
321 2106 394 2178 illic
413 2106 565 2202 leprosa,
592 2097 844 2199 &prophetes
861 2119 937 2178 non
961 2103 1112 2196 deesset,
1148 2109 1262 2184 etiarn

189 2204 290 2278 edito
306 2203 547 2298 documento,
573 2225 680 2278 nemo
699 2203 951 2278 decucurrisset
971 2205 1015 2282 od
1032 2205 1151 2278 Deum
1168 2227 1261 2298 ope·
1293 2223 1294 2237 ³

188 2317 327 2380 tantem
350 2305 386 2380 in
407 2305 606 2398 prophetia.
663 2303 774 2400 Igitur
803 2306 970 2398 quoniam
999 2303 1071 2399 ipse
1095 2317 1177 2380 erat
1198 2325 1260 2378 au-

188 2404 371 2477 thenticus
398 2404 564 2496 pontifex
589 2404 661 2478 Dei
682 2405 822 2496 patris,
856 2397 1008 2496 inspexit
1030 2405 1111 2479 illos
1134 2401 1262 2480 secun·
1289 2443 1290 2500 3

190 2503 275 2580 dum
294 2503 381 2600 legis
394 2517 584 2598 arcanum,
609 2501 832 2598 fignificantis
853 2501 1029 2576 Christum
1042 2499 1112 2576 esse
1127 2525 1289 2632 veruna,j

165 2615 170 2624 '
189 2599 516 2695 disceptatorem&
538 2603 758 2678 elimatorem
777 2603 1006 2676 humanarum
1025 2601 1260 2679 macularum

151 2743 153 2750 ι
189 2699 260 2772 Sed
293 2699 450 2793 &quod
473 2702 512 2774 in
537 2701 723 2776 manifesto
749 2702 818 2778 suit
847 2705 954 2797 legis,
981 2703 1171 2796 precepit:
1215 2709 1268 2792 ire¹

188 2799 335 2972 agendam
350 2825 406 2870 vos
417 2803 630 2886 brumandus.
681 2801 775 2890 Cur,
799 2801 824 2874 si
841 2803 923 2874 ilios
939 2816 1021 2874 ante
1038 2817 1267 2878 ereremum

145 2934 149 2944 ¹
179 2917 184 2928 ·
215 2897 365 2974 atumst
390 2898 451 2974 An
469 2899 561 2991 quast
583 2899 669 2996 legis
688 2898 832 2992 illusor,
858 2913 899 2972 ut
919 2900 955 2972 in
972 2902 1099 2972 itinere
1120 2892 1277 2980 curatis.¹

190 2997 418 3093 ostenderet,
450 3001 536 3072 nihii
560 2995 628 3070 esse
651 3001 765 3094 segem
788 3019 868 3074 cum
884 2998 963 3091 ipsis
979 2997 1232 3076 sacerdotibus
1241 3003 1272 3077 i,

188 3093 238 3172 Et
247 3097 389 3188 utique:
414 3097 584 3172 videritsr
603 3100 660 3170 cui
673 3111 744 3170 tam
764 3096 946 3190 opiniosus
961 3099 1142 3172 videbitur
1155 3098 1270 3185 Chri-a

187 3195 271 3272 stus.
323 3198 402 3271 sano
425 3199 587 3292 digniora
612 3195 692 3270 sunt
716 3197 1007 3291 interpretanda,
1043 3200 1077 3270 dc
1097 3193 1185 3273 fidei
1203 3203 1262 3294 ju·

187 3293 307 3372 stiora.
357 3297 445 3370 Ideo
468 3299 549 3370 illos
567 3297 806 3389 remediatos,
834 3317 902 3390 qua
922 3291 1112 3372 secundum
1134 3299 1262 3394 legem

183 3395 261 3488 jussi
275 3396 370 3468 abire
383 3397 427 3468 ad
442 3389 644 3470 sacerdotes
660 3396 915 3469 obaudierant:
938 3417 1056 3487 neque
1068 3396 1165 3470 enim
1180 3393 1272 3474 cre-t

187 3493 296 3568 dibile
314 3493 365 3567 est
390 3492 572 3568 emeruisse
594 3494 827 3588 medicinam,
855 3489 1114 3570 ademuaore
1139 3495 1234 3595 legis

186 3593 439 3668 observatores
452 3595 548 3689 legis.
596 3592 666 3666 Sed
681 3609 744 3668 eur
757 3593 905 3689 pristino
918 3591 1061 3688 leproso
1077 3589 1167 3668 nihil
1181 3599 1232 3672 tal

149 3707 157 3718 ·
185 3691 380 3786 praecepit?
408 3692 579 3792 Quianec
588 3691 757 3766 Helisaeus
768 3691 862 3784 Syro
877 3691 1057 3770 Neenan:
1084 3691 1228 3770 &tame

65 3851 85 3877 ‚1
185 3807 263 3861 non
283 3791 421 3864 idcirco
438 3813 514 3867 non
533 3805 609 3864 erat
628 3791 811 3876 creatoris.
861 3791 951 3866 suis
972 3790 1160 3886 respondi,
1190 3793 1229 3866 se

186 3887 247 3979 qui
271 3885 448 3986 eredidit,
480 3889 646 3988 inteiligit
672 3893 780 3978 etiam
799 3891 903 3968 aluus
933 3891 1072 3991 aliquid.
1088 3886 1230 4087 igiElitsc¹
