2598 4328
172 197 250 279 434
318 175 373 274 Q.
395 169 530 249 Surb.
553 167 695 248 seon.
725 163 1087 247 Terruerunt

171 333 328 418 missione
340 319 459 430 legis,
475 345 537 406 eut
553 331 655 406 non?
679 330 716 404 Si
734 332 826 404 enirn
837 332 955 404 bonus
970 332 1231 427 perseveravit,
1285 379 1290 456 1

171 434 340 524 nusquam
360 429 553 506 destruetor
571 433 640 504 erit
655 432 768 525 legis,
793 451 862 502 nee
876 431 948 502 Dei
964 431 1108 503 alterius
1125 434 1232 504 habe·
1289 491 1290 500 ,

171 525 286 624 bitur,
313 529 462 606 cessante
484 531 568 625 legis
591 529 846 624 destruetione,
878 547 941 622 per
963 549 1064 620 quarn
1085 532 1229 602 alterius
1287 505 1290 558 ²

169 629 242 706 Dei
259 631 469 704 vindicatur.
504 628 539 702 Si
555 651 630 702 non
645 627 888 722 perseveravit
898 630 1035 720 bonus,
1050 629 1229 702 destruen-

171 731 221 806 do
237 729 359 826 postea
371 732 506 824 legem,
531 727 652 802 falsum
664 747 750 824 ergo
764 725 1001 800 testimonium
1015 727 1139 820 postea
1154 731 1229 803 col·
1289 737 1290 810 j

169 831 309 906 locavit
326 827 417 923 apud
438 828 520 900 illos
538 830 574 900 in
590 827 775 912 curatione
793 825 940 918 leprosi:
966 825 1116 899 deseruit
1133 828 1229 900 enim
1289 813 1291 852 ⁵

168 930 388 1018 bonitatem,
415 927 497 1000 dum
513 925 660 1000 destruit
671 929 797 1020 legem.
846 925 964 997 Maius
974 927 1064 1016 jam,
1083 925 1228 1017 quando
1290 947 1291 950 ’

169 1029 258 1124 legis
279 1023 445 1117 eversor,
477 1027 502 1100 sr
520 1029 659 1117 bonus,
687 1045 766 1098 cum
784 1023 869 1120 legis
889 1023 1058 1099 indultor.
1109 1025 1228 1098 Sed&

169 1147 239 1220 eo,
257 1127 354 1218 quod
371 1124 512 1210 indulsit
524 1126 594 1220 legi
613 1122 837 1216 obsequium,
863 1127 994 1196 bonam
1010 1127 1123 1218 legem
1141 1145 1226 1196 con·
1290 1207 1291 1212 η

168 1225 334 1302 firmavit.
395 1223 515 1298 Nemo
538 1224 631 1308 enim
649 1225 745 1298 malo
769 1221 914 1314 obsequi
931 1223 1075 1316 patitur.
1125 1223 1226 1319 Ergo
1290 1309 1291 1320 χ

170 1323 271 1398 &stc
294 1323 423 1412 malus,
449 1321 475 1396 sr
499 1323 704 1414 obsequium
724 1323 822 1396 maire
840 1323 909 1418 legi
931 1321 1089 1396 indulsit:
1122 1323 1154 1394 δι
1178 1323 1226 1396 src

168 1422 349 1514 deterior,
374 1419 398 1494 sr
415 1425 520 1496 bonae
533 1421 619 1516 legis
636 1419 829 1494 destruetor
846 1421 1001 1494 advenit.
1051 1417 1225 1515 Proinde,

167 1521 254 1595 snut
275 1519 405 1613 sciens,
432 1543 596 1610 omnem,
621 1521 680 1613 qui
695 1521 793 1615 lepra
806 1521 971 1592 liberatus
990 1517 1095 1614 esset,
1113 1521 1162 1594 ita
1177 1521 1227 1594 fa·
1291 1607 1292 1614 ἵ

42 1674 48 1689 .
97 1625 101 1638 ’
169 1617 325 1712 eumn,
350 1619 432 1694 ideo
451 1619 619 1714 precepit
633 1639 759 1693 munus
776 1617 929 1710 offerte,
953 1621 1075 1710 potuit
1097 1617 1228 1692 &non

165 1717 389 1814 precepisse,
424 1720 521 1810 quod
545 1717 790 1792 sciebat'uitto
809 1717 977 1792 futurum.
1027 1717 1067 1790 In
1092 1739 1228 1792 vanum
1291 1717 1292 1750 ³

72 1845 75 1852 ¹
167 1838 257 1914 ergo
273 1815 466 1910 descendit,
476 1815 947 1912 qtusrlegemdestmtturus,
961 1835 1040 1890 curn
1053 1817 1147 1890 cedit
1160 1819 1227 1890 ob-

165 1913 387 1988 secutoribus
405 1917 503 2011 legis.
554 1913 668 2007 Atqui
684 1915 776 2006 quast
792 1913 901 1988 sciens
916 1915 1066 1988 sormam
1083 1935 1225 2009 eorum,

164 2014 274 2110 magis
289 2015 332 2086 ab
345 2035 387 2086 ea
401 2014 617 2088 avertendos
631 2013 829 2108 praevenire
844 2014 1033 2110 debuerat,
1060 2014 1133 2088 srin
1150 2015 1227 2088 hoe

166 2123 329 2188 venerat.
381 2111 453 2184 Cur
474 2115 568 2186 enim
584 2133 672 2189 non
685 2113 826 2205 tacuit,
857 2127 899 2186 ut
918 2112 1032 2186 horno
1056 2111 1134 2187 solo
1160 2111 1225 2186 suo

166 2212 313 2284 arbitrio
340 2211 410 2306 legi
439 2209 634 2286 obediret?
671 2207 779 2284 Tune
798 2211 890 2288 enirn
911 2214 1127 2304 aliquatenus
1143 2211 1227 2306 pos-
1292 2243 1293 2250 ¹

165 2308 219 2384 set
234 2309 347 2385 videri
365 2311 543 2407 patientie
566 2308 633 2384 suae
647 2307 849 2404 prestitisse.
898 2309 968 2384 Sed
983 2312 1101 2404 adjicit
1115 2311 1226 2388 etiam
1292 2361 1293 2370 ι

167 2411 394 2491 autoritatem
415 2407 537 2503 suam,
568 2423 813 2508 exaggeratam
831 2409 1022 2482 testimonii
1042 2412 1225 2504 pondere:

166 2511 267 2600 cujus
286 2511 358 2602 jem
381 2507 594 2602 testimonii,
624 2507 687 2582 nisr
706 2509 792 2604 legis
814 2505 976 2581 assertus
1006 2505 1113 2582 Certe
1133 2511 1226 2586 nibil

164 2607 331 2701 interest,
356 2608 541 2698 quomodo
553 2603 750 2685 'firmaverit
762 2609 896 2704 legem,
920 2607 994 2682 srve
1006 2627 1074 2699 qua
1085 2610 1226 2704 bonus,

164 2701 240 2778 srve
261 2726 331 2798 qua
345 2706 603 2800 supervacuus,
627 2707 702 2780 five
719 2725 787 2798 qua
803 2705 966 2800 patiens,
991 2706 1066 2779 srve
1083 2727 1150 2798 qua
1167 2709 1226 2782 in·

166 2801 355 2898 constans,
387 2805 470 2878 dum
489 2819 526 2878 te
545 2803 714 2878 Marcion
736 2803 781 2877 de
804 2805 913 2900 gradu
932 2803 1070 2899 pelium.
1121 2803 1225 2882 Ecce

165 2904 336 2996 prrecepit
357 2903 472 2999 legem
499 2905 645 3000 impleri.
705 2905 932 3001 Quocunque
953 2903 1064 2978 modo
1088 2923 1225 2999 praeee·

192 3001 238 3093 it,
264 3001 393 3076 eodem
415 3003 536 3096 potuit
558 3006 663 3078 etiarn
677 3001 771 3076 iilam
785 2999 977 3096 praennuffe
991 2999 1224 3078 sententium:

207 3121 256 3172 on
278 3103 364 3173 veni
383 3103 497 3200 legem
523 3096 742 3194 dissolvere,
773 3099 831 3173 sed
855 3101 1055 3196 adimplere.
1121 3105 1225 3202 Quid

166 3217 252 3296 ergo
269 3199 335 3272 tibi
352 3199 420 3274 fuit
433 3202 478 3274 de
492 3199 680 3296 evangelio
701 3197 852 3292 erasrsse,
878 3201 978 3293 quod
993 3199 1125 3274 salvum
1143 3201 1225 3279 est?

166 3295 351 3382 Confessus
369 3319 406 3372 es
427 3300 540 3392 enim,
568 3319 642 3394 prae
657 3300 820 3372 bonitate
837 3297 956 3372 fecisse
971 3300 1092 3392 iilum,
1119 3303 1224 3391 quod

162 3415 269 3492 negas
286 3393 416 3472 dixisse.
469 3395 617 3472 Constet
636 3417 723 3494 ergo
739 3395 860 3471 dixisse
873 3399 993 3493 illurn,
1017 3397 1101 3489 quia·
1115 3397 1149 3470 dt
1165 3399 1222 3474 se·

163 3493 237 3587 cit,
271 3495 360 3570 &te
377 3497 501 3588 potius
523 3515 655 3572 vocem
671 3495 818 3570 Domini
834 3497 878 3572 de
898 3497 1085 3595 evangelio
1105 3501 1221 3574 eradi-

8 3609 10 3614 ·
163 3591 276 3689 caue,
302 3609 405 3687 quam
423 3593 565 3668 nostros
582 3591 746 3688 iniecisse.

237 3711 297 3770 10.
327 3697 470 3768 Curatur
486 3691 526 3770 ss
540 3697 761 3792 paralyticus,
784 3693 825 3773 U
841 3695 960 3794 quidem
975 3699 1012 3768 r'n
1028 3711 1125 3776 retu,
1144 3695 1222 3792 spe·x

24 3804 28 3815 '
160 3785 270 3884 sime
283 3795 403 3892 populo.
455 3789 740 3902 Vfflhitxusm,
762 3795 879 3892 inqtn‘e
896 3785 1035 3891 Esou,
1060 3795 1250 3970 ffitlus
