2598 4328
139 185 211 274 βο
281 172 328 276 Q:
355 167 490 246 Sarr.
515 143 1084 271 Ftoa.³'rrtr'rut‘trartr·

138 353 228 432 tuo,
254 334 439 429 quodiam
452 325 635 406 creante
648 328 909 426 -debuiiiemus,
943 347 986 405 ut
1003 331 1223 428 exprobres

137 427 446 525 incredulitatem,
480 435 538 525 qui
555 453 623 506 nec
643 431 822 507 auitorem
841 445 942 508 tuum
961 433 1070 526 usque
1087 437 1213 508 adhuc

138 535 251 614 editi·
270 539 387 635 Quam
406 534 491 608 olim
508 545 626 605 autem
645 533 739 628 apud
758 553 826 606 nos
845 541 947 630 agere
963 533 1122 628 coepisti?
1150 537 1213 610 Ut

137 650 277 730 tempus
296 635 440 726 quoque
458 651 634 726 opponas.
685 631 870 724 inquibus
890 647 1008 706 autem
1023 653 1091 707 nos
1107 631 1225 708 sum

95 794 99 802 .
137 734 267 813 nuistii
293 725 610 824 &inpatientiam
622 729 743 824 indies.
791 728 918 820 Asinus
935 729 1124 828 deAesopi
1139 753 1211 828 pu-

137 847 223 922 teoa
251 833 361 906 modo
381 834 453 905 huc
471 831 653 926 apparuit,
680 830 798 924 &iam
812 833 1002 906 exclamat:
1028 833 1216 924 quianon

138 935 190 1010 ita
211 933 415 1026 injustitiam
440 931 702 1024 increpationis*
725 929 935 1024 retudiiiet,
969 931 1091 1024 srejtts
1120 953 1210 1010 eum

140 1031 365 1125 credidisset,
399 1033 460 1123 qui
483 1031 763 1122 nondumqueri
788 1027 984 1104 debuiii'et:
1017 1031 1080 1104 nisr
1103 1029 1210 1124 quod

28 1209 31 1217 .
81 1161 85 1168 ·
139 1151 210 1209 nec
239 1133 298 1206 ilie
329 1150 395 1206 eos
427 1127 619 1224 irrstliiffet,
653 1129 678 1202 st
712 1149 788 1202 non
819 1131 907 1202 olim
935 1129 1028 1223 apud
1057 1131 1140 1203 iilos
1165 1133 1208 1206 in
1278 1159 1281 1172 ·

138 1233 238 1330 lege,
276 1231 313 1305 in
346 1231 555 1325 prophetia,
589 1229 627 1302 in
649 1227 844 1302 virtutibus
868 1229 902 1302 dt
924 1226 1108 1304 beneficiis
1142 1229 1209 1303 de·

138 1329 326 1424 versatus,
343 1330 560 1404 'incredulos
589 1327 725 1422 semper
748 1325 867 1402 fuiss’et
894 1343 1073 1424 expertus.
1132 1327 1218 1403 Sed

140 1448 250 1524 occe,
289 1431 431 1528 Christus
454 1429 557 1523 diligit
578 1431 750 1519 parvulos,
783 1430 861 1500 tales
877 1427 933 1520 effe
952 1432 1057 1500 docem
1077 1429 1206 1516 debere,

188 1535 337 1630 ‘semper
370 1533 498 1626 majores
528 1530 638 1600 veiint
669 1525 732 1622 effe.
770 1526 957 1602 'Creator
996 1541 1114 1616 autem
1146 1547 1208 1599 ur·

220 1629 339 1727 putris
368 1627 534 1722 immisrt,
571 1625 742 1704 ulciscens
771 1625 959 1703 Helisaeum
982 1629 1215 1722 propheten,

139 1731 302 1805 convitia
327 1731 370 1803 ab
403 1731 452 1800 eis
482 1727 624 1822 passum.
684 1728 775 1801 Satis
801 1728 985 1821 impudens
1010 1729 1206 1814 Amineis,

139 1849 221 1904 cum
240 1844 312 1902 tam
336 1824 474 1900 diversa
493 1829 707 1922 committit,
732 1827 905 1920 parvulos
924 1827 957 1900 dt
976 1845 1126 1920 pueros:
1151 1827 1206 1900 in·

138 1940 334 2003 nocentem
366 1926 680 2018 adiacentem,
721 1925 899 2017 &judicii
920 1927 992 2018 jam
1020 1945 1205 2020 capacem,
1276 1939 1279 1944 ’

139 2045 217 2120 quae
235 2025 427 2098 convitiari
446 2039 609 2118 poterat,
636 2037 682 2097 ne
704 2023 816 2096 dicam
832 2023 1079 2116 plasphemare.
1119 2027 1213 2125 Qua.

140 2145 228 2222 ergo
238 2123 350 2218 iustus
365 2123 487 2220 Deus,
513 2143 582 2196 nec
590 2123 709 2218 pueris
726 2123 839 2214 impiis
850 2123 1030 2217 pepercit,
1057 2123 1206 2220 exigens

139 2225 266 2317 majori
298 2224 393 2298 aetati
423 2225 625 2315 honorem,
663 2221 851 2313 &utique
881 2224 989 2318 magis
1010 2241 1031 2295 a
1049 2224 1215 2300 minore.-¹

100 2317 103 2322 ’
140 2327 330 2426 Quavero
345 2325 491 2416 bonus,
519 2323 608 2397 adeo
624 2321 736 2418 diligit
749 2323 942 2414 parvulos,
967 2331 1009 2392 ut
1020 2321 1215 2414 ‘apadno’

94 2447 99 2462 ·
139 2438 289 2522 gypturn
305 2419 802 2497 'benefeceritobstetritibus
828 2419 1099 2516 protegentibus
1126 2439 1213 2514 pars

48 2555 52 2560 ·
139 2538 196 2612 tus
218 2522 391 2597 Hebraeos
423 2521 663 2614 periclitantes
689 2519 807 2594 editio
827 2518 1034 2594 Pharaonis.
1093 2517 1149 2593 Ita
1169 2521 1213 2594 dt

137 2621 228 2696 hae
246 2617 388 2696 affeftio
415 2619 542 2695 Christi
573 2641 655 2696 cum
680 2634 844 2694 creatore
879 2617 939 2695 est.
998 2617 1076 2716 Jant
1107 2638 1242 2702 nune,

18 2793 19 2796 i
139 2715 240 2794 Deur
253 2721 473 2813 Marcionis,
495 2723 554 2814 qui
572 2720 790 2794 connubium
803 2715 997 2812 aversatur,
1014 2719 1214 2810 quomodo.

23 3921 190 3979 'no

138 2819 254 2892 videri
267 2818 386 2912 potest
399 2824 632 2912 parvulorum
648 2817 815 2908 dileitor‘,
842 2832 996 2910 quorum
1009 2829 1091 2890 tota
1104 2818 1214 2894 causa·

140 2919 360 2998 connubium
382 2917 457 2992 esti
489 2919 589 3021 Quid
606 2918 730 2993 semen
746 2915 848 3009 odit,
883 2915 1035 2991 nurum
1050 2935 1215 3010 quoque-

112 3064 115 3072 ,
141 3015 344 3092 exsecretur
363 3015 501 3093 neceiie
522 3017 582 3092 est.
635 3015 702 3095 Nae
718 3014 777 3088 ssle
791 3011 918 3088 sevior
937 3015 1122 3090 habendus
1134 3013 1213 3090 Aee

139 3120 268 3212 gyptio
285 3135 378 3214 rege.
430 3117 527 3192 Nam·
537 3117 674 3190 Pharao
691 3115 833 3188 educari
850 3133 926 3188 non
944 3113 1080 3188 sinebat
1095 3114 1211 3189 infan·

138 3227 216 3306 tem
242 3216 385 3290 istenec
403 3213 515 3308 nasci,
542 3213 705 3289 attinens
722 3216 834 3287 vitam
848 3213 940 3307 iilis,
962 3215 1069 3288 etiam
1083 3207 1211 3292 decem

138 3311 330 3409 mentun,
356 3317 393 3388 in
410 3331 528 3390 utero.
579 3311 634 3386 At
650 3317 743 3386 enim
758 3321 893 3405 quanto
915 3313 1138 3404 credibilius,
1164 3327 1214 3389 ut

141 3413 216 3505 ojus
231 3415 422 3506 deputetur
439 3413 580 3486 affectio
603 3412 640 3486 in
661 3414 855 3505 parvulos,
882 3414 941 3504 qui
955 3411 1212 3486 benedicendo·
1277 3479 1281 3486 .

140 3513 360 3586 connubium
380 3514 416 3585 in
438 3513 735 3606 propagationem
750 3513 890 3608 generis
907 3511 1070 3602 hannani,
1095 3509 1213 3604 ipsum‘

140 3629 286 3700 quoque
305 3609 459 3684 fruitam
481 3611 650 3683 connubii
666 3609 915 3685 benedicendo
936 3609 1121 3705 promiirt,
1147 3611 1211 3704 qui

137 3707 185 3780 'de
205 3707 354 3782 infantia
373 3711 507 3803 primus
530 3705 606 3780 esti
643 3707 889 3803 Repraeserrtat
909 3721 1052 3782 creator
1075 3709 1207 3806 ignium

138 3803 665 4001 unitatum
681 3805 1105 3992 fflttitttttttt

202 4019 233 4058 ι·
298 4083 303 4094 ,
1027 4007 1164 4102 tatem,
