2616 4336
58 163 67 296 ἶ
144 211 216 288 152
285 191 335 292 Q.
361 185 500 264 seer.
525 136 672 271 Fron.
699 163 1071 264 Teii-seeum

143 357 218 452 iarn
235 352 339 444 supra
369 347 500 424 discum
520 345 589 439 est,
627 347 724 438 otrod
741 371 799 422 eas
815 348 923 422 novis
942 349 987 422 de
1008 347 1065 420 die
1080 345 1228 423 consui·

145 455 196 528 tis
213 447 484 542 constitutisque
503 445 679 522 obruistis.
732 447 790 520 De
804 449 940 541 reliqua
957 467 1055 520 vero
1066 467 1228 520 conver·

147 551 294 630 sationis
314 551 475 624 humane
492 544 720 640 dispositione
739 548 854 640 palam
872 544 1054 640 subjacet,
1082 561 1226 638 quanto

115 651 378 742 'amajoribus
395 647 641 740 mutaveritis,
682 647 806 742 crrltu,
842 647 990 740 habitu,
1029 661 1226 742 apparatu,

8 725 10 730 ,
58 737 61 755 ³
145 751 298 845 ipsoque
318 743 621 839 viiiu,'ipsoque
644 743 837 836 sermones
870 762 951 820 narn
977 743 1158 842 pristinum
1178 757 1228 819 ut

87 885 99 908 ··
149 849 333 939 rancidum
347 847 534 942 relegatis,
560 843 701 920 exclusa
710 848 842 940 ubique
858 845 1047 937 antiquitas
1063 845 1099 920 in
1110 867 1155 918 ne
1181 867 1226 918 o-

102 972 110 1004 ··
151 951 233 1038 tiis,
259 949 294 1022 in
312 945 603 1030 officiis,'totam
629 945 877 1020 austeritatem
903 947 1081 1038 majorum
1102 967 1151 1018 ve

152 1047 343 1122 auctoritas
363 1047 516 1136 deiecit,
550 1044 656 1130 sane,
692 1045 790 1138 quod
812 1043 921 1119 vobis
945 1046 1054 1142 magis
1081 1045 1223 1138 probro

152 1147 225 1240 est,
251 1147 402 1220 laudatis
422 1144 559 1239 semper
577 1144 796 1240 vetustates,
822 1145 1101 1220 &nihilominus
1121 1139 1227 1216 re'eu-

143 1243 264 1334 'satise
299 1268 367 1338 qua
390 1245 623 1339 perversitate
648 1258 727 1317 tant
744 1301 821 1328 ....
841 1245 1018 1337 majorum
1038 1243 1130 1337 apud
1151 1265 1227 1316 vos

140 1365 361 1442 permanere
380 1346 526 1438 probari
542 1343 767 1438 debuerunt,
806 1365 947 1418 cumea
968 1365 1044 1436 quae
1062 1345 1228 1440 probatis

152 1443 354 1520 recusetis?
388 1443 458 1516 Sed
485 1440 648 1537 &ipsum
669 1443 767 1536 quod
790 1445 959 1529 videmini
985 1466 1005 1516 a
1027 1443 1227 1535 majoribus

77 1616 78 1624 .
153 1543 322 1618 traditum
337 1541 529 1618 iideiiffime
554 1542 789 1617 custodire&
812 1543 1027 1634 defendere,
1063 1545 1125 1616 vei
1151 1561 1230 1634 quo

151 1643 306 1721 maxime
322 1660 404 1716 reos
419 1663 487 1714 nos
506 1643 787 1740 tl'ansgreffionis
799 1643 1003 1738 postulatis,
1023 1641 1067 1715 de
1081 1663 1156 1735 quo
1168 1653 1229 1714 to·

153 1755 231 1816 tum
249 1743 371 1818 odium
390 1739 578 1818 Christiani
593 1743 748 1820 nominis
766 1743 957 1834 animetur,
984 1742 1131 1816 deorum
1143 1741 1230 1814 dico

144 1845 352 1934 culturam,
369 1843 516 1934 perinde
532 1843 673 1916 avobis
686 1842 815 1916 destrui
827 1864 867 1916 ac
877 1839 1006 1934 despici
1020 1839 1231 1930 ostendam3

154 1941 219 2016 nisi
234 1941 331 2034 quod
348 1963 423 2013 non
441 1941 607 2034 perinde:
640 1963 708 2016 nos
726 1943 818 2026 enim
846 1953 1118 2034 contemptores
1141 1940 1232 2014 deo·

140 2059 235 2117 erum
250 2041 370 2116 haberi
386 2042 481 2112 nulla
495 2041 589 2114 ratio
606 2039 670 2134 est,
696 2041 779 2134 quia
791 2061 899 2122 nemo
914 2041 1115 2114 contemnit
1129 2039 1232 2132 quod

129 2137 241 2215 sciat
262 2141 411 2213 omnino
430 2161 506 2213 non
534 2139 615 2215 eise.
666 2140 787 2242 Quod·
802 2140 955 2214 omnino
979 2137 1030 2217 est
1046 2193 1059 2234 ,
1075 2137 1122 2216 *id
1142 2159 1233 2212 con-

154 2241 267 2314 temni
278 2239 412 2332 potest,
435 2239 534 2332 quod
544 2239 714 2332 nihilest,
730 2237 816 2314 nihil
833 2241 978 2332 petitum
1030 2240 1142 2337 igitur
1155 2240 1235 2330 qui-

153 2338 222 2415 bus
240 2339 303 2434 est,
330 2341 373 2412 ab
391 2340 441 2411 eis
458 2341 614 2432 patiatur
628 2335 767 2417 neccss'c
786 2337 866 2414 ess'e.
919 2343 1006 2442 Quo
1020 2342 1130 2436 magis
1144 2359 1234 2412 one-

154 2439 303 2534 remini,
341 2437 529 2514 credentes
556 2437 683 2512 eise&
712 2451 986 2515 contemnentes
1014 2441 1175 2512 colentes
1197 2437 1235 2512 dr

155 2538 390 2632 despuentes,
415 2540 659 2631 honorantes,
685 2536 956 2654 dtlaceisentes.
1005 2539 1111 2612 Licet
1123 2537 1235 2616 etiam

155 2639 241 2716 hinc
265 2637 546 2734 recognoscere,
582 2640 762 2734 inprimis,
798 2657 880 2711 cum
914 2637 970 2728 aiii
999 2639 1085 2731 plius
1125 2635 1236 2714 Deos

157 2738 300 2826 colitis,
339 2759 522 2830 eos-quos
546 2758 621 2810 non
651 2739 795 2836 colitis,
833 2737 957 2830 utique
981 2735 1235 2840 contemnitis,

137 2837 318 2932 ‘prelatio
336 2837 479 2910 alterius
495 2835 567 2916 sme
587 2837 730 2910 alterius
748 2837 967 2912 contumelia
982 2835 1050 2912 effe
1067 2855 1142 2910 non
1165 2857 1239 2930 po·

138 2935 251 3030 test,
281 2955 351 3008 nec
369 2936 440 3008 ulia
458 2934 586 3008 eremo
610 2957 685 3010 non
706 2937 966 3034 reprobatione
986 2935 1234 3029 componitur.

158 3035 232 3151 Qui
251 3035 295 3110 de
316 3034 474 3126 piuribus
495 3031 635 3132 suscipit
652 3035 825 3128 aliquem,
850 3049 1054 3126 eumquem
1074 3056 1150 3107 non
1165 3033 1237 3107 sus-

139 3159 142 3166 ⁴
158 3135 247 3230 cipit
262 3132 431 3228 despexit.
465 3133 558 3228 Sed,
584 3147 644 3208 tot
661 3155 702 3208 ac
718 3137 809 3208 tanti
827 3130 870 3206 ab
890 3133 1237 3208 omnibuscoiinon

157 3233 315 3330 possunt.
368 3234 445 3327 Jmn
470 3255 556 3331 ergo
584 3249 673 3309 tunc
693 3237 809 3332 primo
833 3233 1112 3328 contempsistis,
1155 3253 1235 3307 non

138 3336 268 3440 ‘ueriti
289 3333 423 3407 scssicet
441 3335 492 3406 ita
507 3333 711 3426 instituere,
745 3348 787 3408 ut
810 3353 935 3410 ornnes
958 3333 1031 3407 coli
1054 3349 1131 3406 non
1153 3329 1236 3426 pos-

57 3475 61 3482 ·
158 3429 247 3510 sent.
299 3431 354 3506 At
371 3431 463 3506 enim
479 3433 530 3510 illi
548 3431 780 3527 sapientissimi
795 3455 837 3505 ac
854 3431 1106 3527 prudentiffimi
1122 3433 1237 3526 maio-

139 3551 238 3622 ’τεᾶς
267 3551 422 3625 quorum
438 3531 604 3608 institutis
620 3534 826 3608 renuntiare
841 3553 916 3608 non
933 3533 1062 3606 nostris
1081 3587 1094 3627 ,
1126 3533 1237 3606 maxi·

158 3631 271 3707 mein
292 3631 444 3726 persona
463 3633 617 3709 deorum
631 3631 857 3726 vestrorum,
887 3634 951 3729 ipfi
971 3649 1118 3726 quoque
1136 3631 1238 3724 impii

160 3730 488 3822 deprehenderem.
534 3727 722 3827 Mentior,
757 3731 781 3806 sr
812 3751 993 3824 nunquam
1028 3727 1238 3825 censuerat,

156 3847 209 3905 ae
233 3828 294 3922 qui
318 3829 520 3924 Imperator
543 3831 687 3928 saurim,
713 3831 813 3926 quod
836 3831 877 3906 in
899 3831 1030 3926 proelio
1053 3827 1238 3930 vovisset,

1083 3947 1183 4030 prrus
