2572 4332
105 117 166 198 rat
241 113 291 214 Q.
315 109 451 192 Scor.
474 109 615 193 lton.
639 109 1016 195 Tuarutcranr.
1110 164 1117 177 -

105 275 342 352 rebellantium
366 273 652 372 ergastulorum,
684 275 985 370 durocortorum,
1010 273 1079 350 vel
1101 291 1178 354 no

105 378 285 469 allorum,
312 376 374 448 vel
391 375 466 450 hoc
485 397 597 472 genus
612 375 759 470 poenalis
775 377 958 452 servitutis
973 390 1178 470 erunrpunt

105 475 262 550 adversus
276 489 367 568 not,
392 475 602 568 inquorum
622 475 801 572 potestate
818 474 898 550 sunt
915 471 1028 572 (certi
1047 475 1086 550 dr
1111 473 1178 552 im

105 595 196 660 >aree
214 575 249 651 ie
264 573 356 667 effe,
383 573 504 650 &hoc
523 575 633 670 magis
654 569 846 670 proditos)
871 575 1017 672 ingratis
1043 573 1178 650 restiti

105 695 170 750 nus
189 687 232 748 ut
249 676 424 768 equales,
458 675 494 750 dr
513 695 750 770 repugnamus
769 673 1039 770 perseverantes
1057 675 1100 750 in
1127 691 1177 750 eo

105 775 192 872 quod
207 785 441 872 oppugnant,
467 773 598 852 &illos
612 795 792 867 nunquam
802 776 911 872 magis
927 773 1176 870 detriumpha

105 895 197 969 nur,
223 895 328 976 quam
354 893 462 968 quum
483 895 553 970 pro
574 871 660 950 fidei
684 873 924 953 obstinatione
947 875 1173 954 damnmnur.

162 985 219 1055 28.
246 973 430 1076 Quoniam
446 987 566 1050 autem
582 973 687 1050 facile
701 975 862 1070 iniquum
879 975 1096 1068 videretur,
1133 977 1173 1058 ll»

105 1095 199 1150 leros
217 1074 382 1148 homines
403 1075 542 1151 inuitos
564 1076 683 1171 urgeri
709 1075 753 1150 ad
770 1071 1038 1150 sacrificandum
1063 1073 1170 1165 (nam

105 1174 225 1248 ltaliae
249 1175 378 1248 divine
401 1175 453 1250 rei
472 1173 645 1250 fammdae
669 1175 787 1253 libens
814 1175 949 1250 anirmu
969 1175 1169 1276 indicium)

105 1291 191 1348 :erre
200 1276 361 1367 ineptum
377 1273 657 1368 existimaremur,
683 1273 707 1350 fi
727 1277 804 1369 quis
822 1276 866 1348 ab
879 1275 950 1350 alio
969 1289 1169 1373 cogeretur

105 1375 134 1448 ld
158 1375 338 1450 honorem
364 1373 537 1470 deorum,
562 1395 655 1469 quos
680 1375 780 1448 ultro
806 1373 857 1449 sui
884 1371 1000 1448 caufft
1020 1375 1167 1470 placare

105 1473 258 1566 uberet,
291 1491 339 1549 ne
363 1489 436 1568 pre
459 1493 568 1550 manu
595 1473 682 1550 esset
708 1475 791 1570 jure
814 1471 988 1552 libertatis
1013 1473 1165 1572 dicere,

105 1571 194 1646 uolo
218 1573 303 1648 mihi
324 1573 457 1666 Jovem
476 1573 684 1670 propitium
735 1573 796 1650 ru
813 1576 872 1668 qui
890 1571 961 1648 esi
992 1595 1052 1650 me
1075 1597 1166 1650 con·

105 1674 211 1747 eniat
237 1671 346 1768 Jenut
370 1673 480 1748 iratus
509 1697 556 1750 ex
579 1695 649 1768 qua
675 1675 769 1749 velit
783 1673 933 1750 fronte..
972 1673 1073 1776 Quid
1100 1675 1164 1750 obi

105 1789 227 1848 cecum
243 1768 324 1848 esti
350 1773 509 1850 Formati
528 1773 609 1848 eliis
631 1775 675 1850 ab
694 1773 814 1850 iisdem
826 1773 953 1868 utique
969 1772 1162 1867 spiritibus,

105 1883 128 1944 rt
144 1888 213 1946 nos
229 1891 299 1965 pro
315 1871 427 1950 solute
449 1873 681 1968 Imperatoria
697 1867 893 1948 sacrificare
909 1873 1061 1972 cogatis.
1114 1871 1162 1950 Et

105 1973 250 2065 npofita
274 1971 327 2046 est
346 1983 424 2048 tam
451 1975 556 2047 vobis
573 1973 755 2050 neceiiitas
770 1971 945 2070 cogendi,
970 1993 1077 2068 quam
1096 1995 1161 2050 no·

105 2071 141 2144 ds
163 2071 338 2170 obligatio
358 2073 593 2167 periclitandi.
646 2075 805 2152 Ventum
831 2071 882 2148 est
905 2073 1013 2172 igitur
1039 2074 1084 2148 ad
1113 2071 1160 2150 se·

106 2166 240 2246 undum
255 2173 403 2248 oculum
419 2171 505 2248 loesae
524 2172 736 2269 augustioris
754 2171 963 2264 maiestatis:
986 2173 1159 2267 siquiden

106 2272 221 2364 miore
234 2270 428 2347 formidine
447 2271 483 2347 dr
499 2273 682 2348 callidiore
699 2273 889 2350 timiditate
903 2269 1074 2348 Caesarem
1094 2275 1157 2350 ol>

106 2372 255 2466 eruatis,
289 2391 394 2466 quam
411 2371 522 2470 ipsura
540 2373 585 2448 de
603 2371 766 2466 Olympo
784 2372 939 2468 Jovem,
973 2370 1156 2448 &merito

106 2495 108 2544 l
136 2469 261 2547 sciatis.
325 2471 418 2576 Quia
442 2473 567 2548 enimi
601 2495 647 2547 ex
670 2473 879 2550 viventibus
908 2471 1059 2566 quilibet
1079 2491 1157 2550 nou

106 2574 184 2644 mni
197 2583 346 2646 mortuo
366 2571 524 2666 potiort
548 2573 620 2648 Sed
637 2593 706 2648 nec
723 2571 797 2648 hoc
817 2594 888 2648 vos
911 2573 1055 2648 ratione
1073 2571 1157 2648 faci

106 2671 128 2742 ia
159 2673 284 2764 potius
309 2691 415 2765 quum
439 2671 600 2768 respectu
632 2671 921 2768 repraesentaneae
945 2671 1154 2772 potestatis,

106 2775 175 2843 deo
192 2769 229 2844 dt
243 2769 282 2844 in
299 2769 367 2846 isto
382 2773 566 2870 irreligiosi
583 2795 666 2871 erga
689 2773 778 2848 deos
798 2771 939 2846 vestros
959 2769 1154 2868 deprehen·

107 2869 224 2964 immi,
250 2869 310 2962 qui
329 2871 410 2966 plue
428 2873 566 2946 timoris
590 2875 748 2948 humano
766 2869 927 2947 dominio
942 2867 1081 2950 dicatis.
1109 2873 1156 2948 ci·

107 2973 153 3042 lus
181 2969 335 3064 denique
364 2972 458 3066 apud
479 2991 550 3046 vos
574 2993 639 3068 per
658 2993 785 3048 omnes
810 2971 928 3068 deos,
959 2993 1066 3066 quam
1088 2991 1152 3070 pet

107 3091 191 3144 num
207 3071 350 3168 genium
373 3067 516 3146 Caesatie
534 3073 726 3168 peieratur.

158 3191 215 3266 29.
242 3167 393 3244 Constet
407 3171 515 3269 igitur
532 3175 644 3268 prius,
669 3171 694 3248 sr
711 3171 765 3248 isti
778 3171 904 3265 qubus
921 3167 1139 3246 sacrificatur

107 3271 227 3344 liutem
247 3269 463 3364 Imperatori
477 3274 540 3346 vel
562 3275 709 3346 cuilibet
724 3271 862 3347 homini
880 3271 1054 3366 impertiri
1075 3223 1151 3366 poss

107 3383 186 3464 rnt‚
222 3367 257 3444 dt
276 3369 328 3443 ita
343 3391 412 3446 nos
438 3371 575 3446 crimini
594 3371 760 3454 addicite,
814 3369 848 3444 Si
873 3373 988 3468 angeli
1010 3369 1151 3447 autdae·

107 3489 206 3544 1ones
223 3466 412 3546 substantia
434 3471 566 3568 peffimi
590 3469 731 3566 spiritus
760 3467 973 3546 beneficium
1006 3467 1167 3564 aliquod.

108 3581 305 3664 petantur,-
329 3567 352 3644 sr
373 3571 504 3664 perditi
522 3569 752 3668 conservant,
772 3571 967 3648 srdamnati
983 3571 1150 3668 liberant,

123 3667 276 3760 denique
286 3668 407 3762 (quod
424 3667 644 3746 conicienda
662 3672 782 3746 vestra
795 3669 867 3765 cst)
887 3671 1023 3746 mortui
1041 3673 1150 3746 vivor

108 3777 246 3865 rentur,
267 3769 342 3862 itm
359 3769 485 3866 utique
504 3767 713 3875 suasprimo
727 3771 881 3882 stamas,
908 3769 1151 3944 ᾱίωαεὶιέξε,
