2616 4336
112 156 185 252 ¹98
256 147 304 254 Q.
322 139 467 227 ‚stan
489 143 640 226 stoa.
664 139 1032 227 rarissimam

111 309 275 392 monium
297 309 403 404 ipsius
429 311 577 400 animas,
603 311 887 404 retorquendum
912 308 1205 406 adversusopi-

110 413 261 492 arionem
277 407 506 536 superiorem.
558 409 595 482 Si
612 413 705 484 enim
731 413 845 486 anima
865 424 928 484 atat
946 409 1068 484 divina
1085 427 1152 482 aut
1174 433 1202 484 a
1227 503 1237 510 .

59 591 60 596 ,
113 513 187 598 deo
207 511 289 585 data
307 509 475 603 est,1sme
495 509 605 583 dubio
623 509 786 584 datorem
802 510 901 584 suum
920 513 1041 584 novit.
1089 507 1143 584 Et
1166 512 1198 584 ss

112 612 238 704 novit,
262 609 436 706 utique&
451 611 568 706 timet,
593 623 636 682 ut
650 623 791 684 tantum
808 607 990 703 postremo
1008 622 1199 686 autorem.

114 709 179 788 An
194 730 272 784 non
286 710 413 802 timet,
449 729 554 803 quem
575 711 684 806 magis
712 711 909 804 propitium
934 711 1046 802 velit,
1081 732 1201 802 quam

112 808 271 889 iratum?
297 807 405 885 Unde
421 809 529 906 igitur
541 812 710 883 naturalis
727 813 837 884 timor
852 811 973 884 anima
993 810 1031 882 in
1042 811 1151 884 deum
1168 811 1217 896 sr,
1280 859 1283 892 .

113 911 202 988 deus
216 930 292 984 non
307 908 417 984 novit
434 906 562 983 irasci?
589 909 791 1008 Quomodo
806 913 974 1000 timetur,
1002 909 1062 1006 qui
1076 909 1206 982 nescit

115 1005 285 1088 offendit
314 1009 412 1182 (guid
430 1005 598 1102 timetur,
630 1011 694 1086 nist
718 1009 800 1084 irai
832 1010 927 1083 unde
952 1011 1028 1101 ira,
1054 1007 1119 1082 nist
1144 1029 1201 1086 ex

114 1109 322 1188 animadver
350 1107 453 1182 one?
478 1109 586 1184 Unde
611 1109 890 1206 animadversio,
916 1110 977 1183 nist
999 1109 1043 1182 de
1061 1109 1120 1182 dei
1137 1112 1203 1203 ju-

115 1208 244 1286 dicio?
270 1209 379 1284 Unde
390 1209 585 1302 judicium,
610 1211 674 1285 nisa
689 1211 734 1282 de
750 1208 961 1303 potestate?
985 1207 1109 1300 'Cujus
1127 1232 1183 1303 po

115 1309 223 1385 testas
243 1307 396 1401 summa,
428 1307 491 1382 nifi
514 1309 572 1382 dei
596 1309 729 1386 solius?
764 1309 859 1383 Hinc
877 1329 964 1406 ergo
987 1309 1052 1382 tibi
1076 1311 1223 1382 arrima‘

91 1448 92 1452 Ν
117 1411 165 1490 de
181 1407 401 1482 conscientia
414 1409 572 1504 suppetit
589 1411 687 1486 domi
708 1431 750 1484 ac
764 1409 873 1504 soris,
899 1409 1001 1482 nullo
1020 1408 1202 1485 irridente

117 1511 182 1584 vel
206 1507 425 1604 prohibente
450 1510 665 1604 predicare,
700 1511 772 1582 deas
806 1513 895 1582 videt
920 1515 1046 1594 amnia,
1081 1508 1117 1580 δι
1141 1511 1202 1580 deo

116 1609 309 1694 commando,
336 1607 461 1682 &deus
483 1611 586 1680 reddet
602 1611 637 1684 &
651 1611 724 1680 leus
743 1613 832 1682 inter
848 1635 905 1680 nos
917 1609 1092 1708 judicabit,
1116 1607 1200 1684 Un-

112 1710 167 1800 de
188 1709 264 1784 hoc
279 1708 347 1782 tibi
362 1729 440 1783 non
456 1707 694 1786 Christianae?
736 1707 859 1803 Atque
874 1709 912 1782 id
926 1711 1137 1802 plerumque
1162 1709 1202 1782 ba

118 1811 216 1884 vitta
229 1807 369 1883 Cereris
385 1809 571 1904 redimita,
597 1811 755 1904 &pallio
772 1810 913 1883 Saturni
931 1811 1133 1901 coccinata,
1161 1808 1200 1882 o

33 1910 37 1918 “
119 1909 197 2004 deae
214 1909 310 1983 Isidis
331 1909 504 1987 linteata?
529 1909 572 1986 In
584 1911 663 2004 ipsis
679 1910 832 2002 denique
851 1910 994 2003 templis
1018 1909 1127 1983 deum
1140 1911 1201 2002 ju-

120 2009 238 2086 dicem
257 2009 447 2101 imploras,
472 2003 536 2084 sub
561 2008 784 2104 Aesculapio*
801 2009 916 2102 stans,
952 2011 1137 2106 Junonem
1158 2009 1198 2084 in
1223 2041 1231 2055 ·

122 2111 215 2184 a'e're·
224 2125 404 2202 exorans,
442 2107 621 2184 Minervae
645 2111 807 2183 calceans
828 2109 944 2182 bavis
964 2109 1099 2205 galeam
1120 2107 1199 2182 ior-

121 2199 219 2302 mis,
246 2205 472 2282 &neminem
486 2208 531 2283 de
552 2207 782 2306 presentibus
801 2209 876 2283 deis
898 2205 1130 2296 contestaris3
1157 2209 1209 2283 in:

119 2307 210 2386 soro
230 2307 372 2380 aliunde
390 2307 546 2404 judicem
571 2312 751 2406 appellas,
785 2311 822 2382 in
837 2311 909 2384 tuis
927 2309 1067 2402 templis
1089 2307 1199 2382 alium

121 2407 230 2482 deum
254 2407 399 2503 pateris.
451 2408 486 2484 Ο
514 2409 757 2498 testimonium
776 2409 967 2502 veritatis,
1001 2429 1079 2500 quae
1102 2405 1200 2502 apud

120 2503 197 2606 ipsa
210 2507 384 2582 damonia
396 2507 522 2584 testem
536 2509 645 2586 efficit
660 2507 949 2584 Christianorum.

200 2627 233 2700 3.
259 2605 460 2683 Enimvero
477 2629 540 2686 cur
558 2611 732 2684 damonia
746 2606 967 2682 adfirmamus
984 2603 1084 2680 esset
1114 2601 1199 2680 sane

123 2705 308 2800 quatuo-n
325 2709 585 2803 inprobamus,
613 2712 672 2802 qui
688 2733 730 2784 ea
742 2709 811 2783 soli
829 2709 873 2782 de
890 2707 1106 2800 corporibus
1123 2707 1199 2779 exi-

123 2808 250 2902 gimus.
301 2805 425 2904 Aliqui
463 2807 650 2904 Chrysippi
680 2804 883 2883 adsentator
905 2807 1037 2883 inludit
1062 2827 1127 2898 ea,
1163 2805 1200 2880 ἀ

124 2901 222 2998 elle,
258 2902 292 2978 dt
312 2908 618 2984 abominationem
636 2907 828 3002 sustinere,
862 2909 1111 2980 execrationes
1128 2915 1200 2979 tuae

123 3001 354 3098 respondent
379 3007 609 3084 Daemonium
628 3025 762 3102 vocas,
776 3008 960 3082 hominem
974 3008 1199 3080 autimmun·

125 3103 232 3196 ditia,
248 3120 309 3178 aut
318 3109 465 3204 malitia,
483 3121 546 3181 aut
560 3109 763 3202 insolentia,
783 3123 844 3182 aut
858 3126 1069 3199 quacunque
1081 3126 1218 3190 matu„

124 3205 175 3296 ia,
189 3225 294 3298 quam
302 3227 370 3280 nos
390 3208 571 3283 demoniis
588 3209 812 3303 deputamus,
827 3219 889 3281 aut
902 3207 945 3280 ad
959 3206 1199 3282 necessitatem

126 3303 204 3378 odii
219 3321 473 3398 opportunam,
501 3309 665 3382 Satanam
678 3307 830 3400 denique
840 3308 879 3381 in
896 3305 994 3380 omni
1007 3303 1198 3378 iversatio-

125 3401 517 3498 uedaspernauone&
530 3407 766 3482 detestatione
774 3407 1005 3502 pronuncias,
1016 3424 1198 3497 ¹quesnnos

102 3537 104 3542 s
128 3501 278 3608 dicimus
293 3507 435 3580 malitiae
450 3509 627 3604 angeium,
635 3509 750 3580 totius
764 3505 870 3580 seculi
883 3505 1197 3600 interpolatorem,

127 3619 195 3698 per
209 3623 314 3696 quem
327 3605 442 3682 homo
461 3629 482 3681 a
497 3607 698 3702 primordio
713 3605 1003 3698 circumventus,
1018 3617 1061 3676 ut
1069 3620 1198 3696 praece-

128 3713 231 3794 ptum
242 3701 313 3778 Dei
322 3707 528 3799 excederet,
540 3705 776 3800 &propterea
786 3707 990 3783 inmortem
1005 3703 1123 3796 dabis,
1141 3725 1199 3776 ex·

127 3797 213 3878 inde
231 3813 354 3880 totum
367 3827 481 3905 genus
502 3804 627 3886 desua
644 3803 776 3884 semine
791 3803 984 3902 inseiium,
1008 3799 1079 3978 {aa
1094 3803 1199 3882 etiam

184 3929 188 3937 ·
403 3959 405 3962 -
1037 3923 1150 3980 amna·
