2598 4328
143 216 225 306 430²
298 193 346 308 Q.
370 199 504 280 saer.
527 195 663 278 inor.
687 189 1055 282 Tarracinam.
1092 229 1098 245 ·

145 370 322 468 paban'tur
344 363 609 458 &jubebantur
632 373 762 442 tacere.
813 364 968 440 Proinde
992 361 1086 440 enim
1107 353 1209 440 Chri·
1277 349 1284 406 ¹

144 469 218 548 stan
234 467 278 540 ab
294 465 517 557 inminibus,
529 483 611 536 non
627 483 647 538 a
663 461 839 558 spiritibus
855 461 1040 540 immundis
1054 462 1209 541 volebat
1277 451 1284 504 ¹

147 567 183 644 fe
209 563 319 639 filiurn
342 564 414 636 Dei
440 561 591 660 agnosci.
651 561 716 638 llie
730 563 891 638 'Christus
914 563 1111 660 duntaxat,
1145 565 1208 643 cui
1280 535 1284 604 ¹

145 669 222 746 lioc
242 665 482 762 congruebat,
518 663 599 754 quia
621 663 852 758 premiserat,
881 680 949 757 per
973 683 1064 758 quos
1088 663 1208 760 posset
1280 653 1284 744 ¹

146 763 310 862 agnosci,
329 765 364 836 dc
378 765 501 854 utique
514 763 694 858 digniores
707 765 970 860 predicatores.
1002 765 1096 838 lilius
1111 779 1216 860 erat‚⁴
1281 749 1284 802 ¹

144 867 363 964 praeconium
377 862 544 936 immundi
556 856 726 956 spiritnsr
786 883 887 958 uere,
901 865 959 936 cui
974 861 1078 938 sandi
1095 865 1208 936 abun·
1229 943 1243 950 ,,

59 1022 64 1031 .
145 966 288 1040 dabant.
338 962 475 1054 Porr0‚
496 961 555 1053 qui
570 967 747 1054 nunquam
801 977 877 1038 erat
893 964 1141 1056 annuntiatus,
1158 957 1208 1059 (ri
1282 953 1284 1000 ¹

144 1078 268 1140 tamen
284 1061 434 1134 volebat
447 1061 609 1158 agnosci,
636 1060 762 1136 frustra
776 1077 893 1136 autern
905 1075 1075 1154 venerat,
1099 1063 1207 1135 irno-
1282 1055 1284 1102 ¹

144 1157 279 1259 beben>
294 1161 372 1234 n‘on
387 1159 472 1234 eiiet
488 1157 688 1252 aspernatus
705 1159 943 1236 testimonium
958 1163 1079 1234 alienae
1094 1161 1129 1233 tc
1145 1179 1208 1234 cu·
1282 1155 1284 1240 ¹

89 1289 98 1318 ν
142 1263 340 1360 jericunque
362 1255 579 1351 substantia,
605 1257 666 1351 qui
682 1262 834 1354 propria
853 1281 929 1333 non
951 1261 1123 1354 habebat,
1144 1259 1215 1354 qui
1281 1253 1284 1302 ¹

98 1369 101 1372 ’
143 1365 182 1440 in
208 1361 327 1434 aliena
342 1357 579 1432 descenderat.
644 1359 720 1455 Janr
744 1376 841 1434 nunc
864 1359 899 1432 oa
923 1381 990 1454 qua
1011 1357 1212 1434 deibndtor
1282 1359 1284 1436 ¹

73 1477 82 1498 ·
147 1461 320 1534 creatoris
353 1458 439 1531 nihil
473 1460 581 1554 magis
615 1453 794 1556 gessiiiet‚
836 1480 940 1551 quarn
974 1479 995 1532 a
1030 1457 1215 1554 spiritibus¹
1282 1453 1284 1502 ¹

144 1559 251 1656 ipsius
265 1555 424 1655 agnosci,
439 1558 656 1654 &divulgari
668 1579 741 1654 prae
754 1561 904 1649 ornaret
923 1557 984 1632 nisi
1000 1559 1096 1652 quod
1109 1557 1214 1632 Mar·

147 1659 232 1734 cion
241 1657 360 1732 Deum
374 1655 471 1730 suurn
487 1658 605 1732 timeri
617 1665 736 1753 negat,
754 1655 960 1745 defendens,
972 1659 1110 1731 bonum
1128 1675 1215 1734 non
1266 1657 1284 1698 '¹

145 1762 284 1850 finieri,
295 1756 360 1832 *sed
372 1757 549 1850 iudicem,
568 1757 661 1852 apud
678 1777 783 1850 quern
797 1757 866 1832 iint
880 1757 1034 1834 materiae
1051 1755 1209 1854 timoris,
1282 1753 1284 1798 ¹

143 1859 218 1950 ira,
250 1855 403 1950 Panda,
434 1853 586 1949 judicia,
619 1855 797 1950 vindicta,
828 1850 1018 1932 damnatio.
1079 1856 1150 1932 Sed
1172 1853 1212 1932 dt
1282 1855 1284 1898 ¹

146 1956 320 2032 demonia
335 1958 465 2040 timore
483 1955 607 2046 utiquc
624 1955 810 2030 cedebant.
860 1951 958 2052 Ergo
972 1953 1121 2030 timendi
1131 1953 1208 2032 Dei
1283 1955 1284 2000 ¹

129 2053 256 2134 ,filium
270 2051 535 2126 confitebantur
543 2086 560 2146 ,·
577 2053 802 2127 decadonem
814 2053 975 2129 habitura
987 2073 1063 2129 non
1079 2055 1209 2130 ceden-

146 2153 182 2230 di
227 2155 346 2228 srnon
367 2151 525 2228 timendi.
576 2149 625 2226 Et
648 2153 708 2226 ilie
728 2151 821 2248 joffu
843 2153 877 2228 a
896 2157 1071 2252 increpitu
1088 2171 1213 2230 eaexa
1282 2149 1284 2198 ¹

143 2257 309 2352 pelleae,
333 2273 409 2326 non
429 2245 526 2327 suasu
546 2272 615 2346 qua
627 2251 767 2348 bonna,
793 2254 987 2330 timendum
1007 2254 1042 2330 se
1061 2253 1209 2330 exhibe·
1282 2251 1284 2296 ¹

143 2357 219 2432 bat.
271 2349 349 2426 Aut
374 2347 534 2443 nunquid
554 2351 637 2425 ideo
659 2349 888 2448 increpabat,
914 2355 994 2445 quia
1015 2352 1209 2428 timebatur
1282 2347 1284 2396 ¹

143 2453 273 2534 nolens
299 2451 446 2527 timerii
483 2445 531 2523 iit
555 2452 741 2544 quomodo
774 2473 816 2525 ea
840 2451 990 2526 volebat
1015 2453 1208 2551 excedere,
1281 2449 1284 2538 ἶ

94 2627 98 2632 ,
144 2555 246 2650 prod
268 2551 340 2626 nisa·
356 2553 487 2625 timore
504 2571 581 2625 non
598 2550 781 2634 facerent?
818 2544 959 2628 Cecidit
981 2571 1069 2652 ergo
1090 2555 1127 2626 in
1144 2571 1210 2628 ne-
1283 2553 1284 2596 ³

143 2653 357 2746 ceritatem,
384 2670 452 2744 qua
464 2645 635 2744 disparem
649 2643 684 2724 se
706 2663 839 2725 natura
860 2645 929 2725 sna
948 2656 1093 2750 ageret,
1123 2669 1214 2747 cuna
1283 2655 1284 2690 ¹

143 2751 262 2850 poisat
286 2763 328 2822 ut
355 2753 474 2824 bonus
500 2747 605 2824 semel
628 2750 679 2823 eis
703 2767 862 2845 parcere.
923 2745 1062 2826 Cecidit
1082 2749 1129 2825 dc
1168 2752 1211 2831 in
1283 2747 1284 2766 ¹

146 2850 247 2924 adam
262 2850 564 2943 prevaricationis
579 2861 721 2942 notan,
739 2869 820 2924 curn
831 2843 867 2924 se
881 2869 901 2922 a
914 2845 1094 2924 demoniis
1110 2851 1211 2944 quan
1283 2851 1284 2896 ¹

144 2943 257 3028 filiurn
279 2949 450 3024 creatoris
466 2947 650 3024 suibneret
666 2949 803 3042 timeri,
827 2961 870 3022 ut
882 2949 953 3043 jam
970 2966 1046 3023 non
1057 2944 1223 3048 propria¹
1283 2953 1284 2988 ¹

144 3047 323 3146 potestate
339 3049 534 3144 expelleret
546 3045 742 3142 damonia,
765 3042 823 3121 sed
838 3067 902 3142 per
918 3051 1089 3124 creatoris
1104 3070 1211 3128 autoe
1283 3047 1284 3094 ¹

143 3153 308 3243 ritatem,
340 3149 378 3222 in
395 3152 596 3236 solitudinem
622 3149 764 3242 procedit.
822 3145 997 3223 Solemnis
1028 3149 1208 3246 &hujtra-
1282 3147 1284 3232 ¹

143 3247 244 3326 modi
257 3249 360 3345 regio
375 3246 559 3324 nataris.
595 3243 801 3342 Oportebat
815 3241 1012 3324 sermonem
1029 3245 1100 3322 illic
1115 3265 1206 3344 qno·
1282 3243 1284 3336 ¹

144 3337 216 3442 qud
240 3347 356 3422 videri
380 3349 418 3422 in
447 3363 629 3441 corpore,
662 3341 724 3419 obi
748 3359 869 3442 egerat
893 3345 1081 3442 aliquando
1107 3347 1140 3423 dc
1165 3351 1210 3425 in·
1282 3347 1284 3396 ¹

142 3450 252 3525 nube.
310 3443 550 3544 Competebat
574 3445 608 3520 dt
635 3447 825 3542 evangelio
849 3443 989 3522 habitus
1015 3447 1106 3540 loci,
1142 3447 1204 3541 qui
1281 3447 1284 3538 ¹

141 3547 326 3644 plantarat
344 3547 378 3621 dt
394 3544 473 3643 legi.
525 3541 651 3639 Capiat
670 3545 789 3638 itaque
803 3545 1062 3639 jucunditatem
1081 3543 1204 3621 solitu·
1283 3549 1284 3580 ¹

143 3645 215 3740 do,
239 3635 314 3722 hoc
334 3639 690 3742 Esaiaapromiffiat.
746 3649 907 3718 Mantua
924 3671 945 3718 a
965 3643 1085 3735 cartag
1117 3667 1210 3746 opera
1278 3723 1284 3748 1

75 3741 80 3750 ’
141 3745 190 3816 rit
210 3771 280 3832 me,
312 3747 448 3840 inquit,
481 3744 620 3825 odiis
643 3745 833 3829 civitatibus
854 3747 1054 3834 annuntiare
1077 3749 1210 3846 regnunt
1283 3789 1284 3792 =

38 3875 42 3878 ·
143 3845 221 3920 nat.
255 3841 1211 4026 Ostendmtjmditatilimatnntiiplasspere
1282 3871 1284 3934 ς

329 4000 335 4012 ·
1036 3965 1058 4023 d
1105 3963 1152 4026 uc
