2612 4328
204 145 463 214 novun-sus
488 137 820 214 Marcioni-:na
846 137 946 216 Lru.
974 139 1002 234 Ι,
1036 177 1042 198 =
1073 163 1146 236 331·

56 301 250 394 omnbus,
278 299 338 394 qui
352 299 474 376 Deum
493 297 742 378 nuntiarent?
769 299 869 402 Quid
884 321 964 376 non
977 301 1149 396 frequen·

55 417 114 476 tas
134 414 207 476 tam
228 397 406 478 solemnes
434 401 652 496 voluptates*
666 399 753 474 circi
769 400 945 495 furentis,
973 401 1144 480 &cavea

55 501 258 595 sevientis,
285 499 447 576 &scena
472 499 716 578 lascivientis?
745 501 844 602 Quid
857 521 935 574 non
953 500 987 576 &
1003 503 1043 576 in
1064 525 1144 600 per·

55 599 304 678 secutionibus
318 600 448 684 ¹statim
474 603 597 674 oblata
622 621 745 674 acerra
775 601 926 676 animam
947 603 1145 700 negatione
1178 671 1180 676 .

56 699 236 776 lucraris?
263 699 389 795 Abfit,
421 702 565 796 inquis,
601 702 697 777 absit.
748 698 849 798 Ergo
866 702 939 793 jam
960 703 1065 778 times
1083 703 1143 778 de·
1255 751 1258 758 ·

18 856 23 871 .
56 800 199 894 listum,
219 799 433 878 &timendo
451 799 612 894 probasti
627 801 727 876 ilium
741 801 881 894 timeri,
899 801 958 893 qui
971 799 1144 897 prohibet

57 901 251 978 delidium!
289 897 399 981 Aliud
414 900 498 995 est,
530 901 557 976 sl
575 899 699 979 eadem
717 900 791 976 Dei
811 901 866 974 tui
882 903 1146 999 perversitate,

58 1021 167 1094 quem
178 1021 257 1076 non
268 1001 583 1094 timeaobsarvas,
600 1023 670 1096 qua
684 1002 719 1076 dr
733 1003 804 1086 ille,
822 1001 922 1093 quod
936 1021 1014 1076 non
1027 1004 1144 1080 vindi·
1220 1027 1225 1034 ·

16 1159 17 1164 t
59 1115 140 1195 cat,
160 1101 344 1198 prohibet.
382 1099 507 1178 Multo
528 1103 644 1178 adhuc
661 1103 812 1195 vanius,
830 1119 912 1174 curn
930 1100 1146 1200 interrogati

16 1255 17 1266 r
59 1202 148 1294 quid
173 1197 239 1274 fiet
264 1203 450 1296 peccatori
470 1205 598 1295 cuique
623 1201 680 1276 die
702 1203 871 1292 illorum,
898 1197 1142 1298 respondent,

57 1299 172 1393 abjici
190 1299 290 1380 illurn
307 1301 401 1394 quast
422 1305 470 1378 ab
497 1303 624 1378 oculis.
687 1301 825 1376 Nonne
849 1301 883 1374 dr
903 1301 977 1376 hoc
1003 1303 1142 1395 judicio

15 1399 18 1484 s
57 1399 210 1498 agitur?
239 1401 418 1495 iudicatur
438 1405 533 1478 eninr
557 1401 831 1494 abjiciendus&
858 1401 984 1496 utique
1001 1401 1142 1496 judicio

15 1555 17 1572 .
57 1501 326 1578 damnationis:
362 1501 425 1578 nisi
449 1503 474 1578 sr
499 1503 537 1578 in
557 1501 705 1576 salutem
734 1503 919 1594 abjiciatur
945 1517 1143 1598 peccator,

15 1653 19 1670 .
56 1611 101 1674 ut
116 1599 153 1676 δι
167 1602 241 1674 hoc
255 1601 341 1676 Deo
359 1605 503 1700 optimo
522 1615 719 1694 competat.
757 1601 807 1674 Et
828 1601 913 1693 quid
929 1604 999 1676 erit
1015 1605 1143 1696 abjici,

14 1749 17 1780 ·
56 1702 122 1776 nisr
141 1703 307 1774 amittere
322 1701 380 1796 id,
407 1701 600 1794 quoderat
618 1699 899 1796 consecuturus,
924 1701 950 1776 sl
977 1723 1054 1776 uon
1083 1703 1142 1776 ab·

14 1845 17 1876 r
57 1799 269 1894 jiceretur,
313 1799 352 1875 id
384 1799 434 1874 est
460 1799 640 1878 sautem?
698 1797 797 1896 Ergo
823 1801 942 1876 salutis
967 1801 1004 1876 in
1034 1801 1141 1875 detri-
1253 1837 1257 1848 ·

14 1915 17 1990 ῑ
59 1913 226 1974 mentum
252 1899 456 1992 abjicietur:
490 1902 618 1976 &hoc
643 1900 791 1976 decerni
815 1923 892 1976 non
917 1903 1055 1994 poterit
1078 1903 1144 1978 nisi

14 2037 17 2088 ι
62 2003 249 2174 ᾡάᾗὲἓῑο,
277 1999 312 2072 dc
345 1997 509 2098 offenso,
544 2002 579 2076 ἀ
614 1999 827 2078 exsecutore
858 2001 996 2128 deiidi,
1022 2001 1060 2076 id
1088 1999 1143 2078 est

13 2137 16 2190 ρ
61 2121 137 2194 Jul
186 2157 196 2176 .

13 2239 15 2288 r
81 2201 84 2214 '
138 2209 198 2280 28.
224 2197 353 2274 Exitus
376 2215 497 2276 autern
518 2201 569 2276 illi
591 2201 731 2294 abjedio
754 2201 863 2294 quis?
890 2203 934 2276 ab
958 2205 1063 2299 igne,
1090 2202 1144 2276 in·
1285 2213 1291 2230 ’

13 2359 14 2372 r
63 2301 213 2394 quiunt,
260 2303 433 2376 creatoris
464 2301 764 2398 deprehendetur.
819 2301 977 2376 Adeone
1004 2303 1144 2378 nullum
1290 2389 1291 2392 p

13 2455 14 2470 r
61 2399 176 2478 habet
198 2402 443 2496 elementum,
468 2401 531 2476 vel
563 2403 601 2476 in
626 2401 720 2476 hanc
752 2399 904 2478 caussam
932 2399 1143 2498 provisum,

13 2573 15 2590 ,
64 2519 137 2592 quo
156 2515 373 2596 peccatores
391 2499 474 2576 suos
491 2503 553 2578 vel
567 2501 640 2576 sme
657 2499 791 2576 saevitia
807 2505 968 2599 releget,
991 2521 1042 2576 ne
1058 2499 1145 2576 illos
1173 2505 1179 2514 '

13 2685 14 2688 Ἴ
65 2601 176 2676 dedat
191 2601 373 2676 creatori?
401 2602 501 2704 Quid
516 2615 605 2676 tunc
624 2601 792 2678 creatori
820 2601 942 2676 Credo
962 2599 1145 2698 sulphura·
1178 2617 1180 2624 ⁴

13 2783 14 2790 Ν
63 2701 200 2784 noran
218 2703 269 2776 eis
310 2703 487 2780 ehennam
513 2701 750 2797 preparavit,
782 2715 826 2774 ut
843 2700 1054 2798 blasphemis
1073 2697 1145 2776 suis

13 2863 15 2878 ,
64 2797 220 2877 scilieet:
244 2725 310 2876 nisi
325 2803 425 2896 quod
438 2802 541 2876 Deus
560 2803 701 2876 zelotes
723 2799 935 2878 fortassean
955 2799 1145 2876 desertori·

13 2937 16 2990 ι
66 2901 134 2976 bus
162 2901 354 2978 adversarii
388 2899 441 2978 sui
470 2901 622 2998 parcat?
665 2901 699 2976 O
732 2903 856 2978 Deum
888 2899 1143 2996 usquequaque

13 3061 14 3074 r
67 3000 302 3096 perversum,
334 3003 469 3096 ubique
500 3003 773 3098 irrationalem,
808 3006 847 3089 in
879 3004 1046 3078 omnibus
1080 3021 1145 3074 va-

13 3145 15 3194 ,
68 3121 182 3196 uum,
211 3113 316 3194 atque
334 3104 388 3178 ita
404 3103 610 3180 neniinem!
650 3101 760 3198 Cujus
784 3123 862 3183 non
886 3102 1038 3196 statum,
1063 3121 1144 3176 non

13 3243 15 3292 p
71 3201 346 3296 conditionem,
371 3223 450 3278 non
468 3217 656 3296 naturam,
682 3223 759 3276 non
775 3205 887 3278 ullum
905 3201 1069 3278 ordinem
1089 3201 1145 3274 vi·

13 3363 15 3378 r
71 3299 142 3374 deo
153 3299 368 3396 consistere,
389 3305 462 3397 jam
476 3325 546 3378 nec
562 3299 676 3398 ipsum
688 3297 773 3378 fidei
787 3303 862 3398 eius
875 3301 1142 3380 sacramentum.

13 3461 14 3478 r
74 3397 140 3474 Cui
164 3401 262 3478 enim
286 3404 340 3476 rei
361 3403 533 3499 baptisma
557 3423 702 3498 quoque
731 3405 825 3499 apud
856 3425 937 3480 eum
961 3401 1143 3496 erigitur,

13 3575 14 3596 Ν
72 3497 483 3580 fitemiffiodelisiorum
500 3503 577 3580 est?
604 3504 806 3605 Quomodo
823 3491 1146 3580 videbiturdelirta

13 3645 14 3650 =
75 3597 269 3697 dimittere,
283 3605 430 3696 quinon
447 3601 823 3691 videbimuretineres
850 3605 946 3705 Quia
954 3601 1142 3694 retineret,

13 3763 21 3793 ,
74 3696 100 3774 fi
111 3700 311 3811 judicaret.¹
334 3703 371 3778 Si
387 3703 566 3782 absolutio
581 3703 710 3788 mortis
728 3703 799 3799 est,
826 3700 1014 3796 quomodo
1032 3697 1144 3776 absol·

753 3824 758 3833 *
986 3806 1123 3880 veret‘
