2608 4338
203 217 459 278 novantur
485 195 813 292 Maxcroxax.
837 187 939 278 Lra.
964 189 1014 278 V.
1082 211 1154 304 589

92 365 294 460 volentptrm
318 367 382 438 Dei
404 365 512 453 dicat,
550 381 596 438 ex
620 363 837 458 contrariis,
868 383 946 458 quae
962 364 1152 466 prohibet,
1180 411 1186 419 ·

93 463 315 565 agnosceres.
367 464 528 562 Abstinere
548 463 663 558 enim,
688 463 824 557 inquit,
849 464 1015 562 aflupto,
1041 466 1154 540 nona
1202 503 1206 512 ·

91 566 334 642 matrimonio.
396 567 486 636 Scire
510 589 762 662 unumquemque
776 565 868 654 satum
890 589 951 636 var
976 569 1014 635 in
1037 565 1155 637 bonore
1193 607 1196 614 ν

92 663 245 740 tranare.
274 661 501 765 Quomodo?
527 663 609 738 dum
623 683 700 736 non
713 665 751 738 in
760 663 918 756 libidine,
933 685 1001 756 qua
1014 677 1153 760 gentes.

92 765 226 843 Libido
247 779 365 838 autem
384 785 453 837 nec
479 764 571 858 apud
592 776 715 862 gentes
740 765 968 839 matrimonio
995 763 1156 838 adscribi·

92 879 179 959 tur,
204 863 265 938 sed
285 864 591 956 extraordinariis,
627 864 755 936 &non
777 863 994 936 naturalibus
1016 863 1050 937 dt
1071 883 1157 956 por·

92 963 255 1039 tentosrs.
304 961 492 1056 Santiitas,
527 965 672 1036 luxuriae
701 961 753 1036 est
776 964 985 1058 turpitudini
1009 983 1156 1056 quoque

94 1065 131 1140 ἀ
148 1059 382 1139 mmandiciae
400 1063 596 1136 contraria:
623 1083 699 1156 qure
714 1081 791 1135 non
808 1062 1080 1138 matrimonium¹
1094 1083 1156 1135 ex-

89 1159 239 1258 'eludat,
272 1160 332 1238 sed
355 1163 555 1236 libidinem:
588 1183 665 1255 quae
684 1183 749 1234 vas
769 1161 928 1236 nolhum
950 1164 988 1235 in
1010 1163 1156 1235 honore

93 1262 319 1340 matrimonii¹
334 1261 471 1338 trattet.
534 1261 642 1336 Hunc
671 1275 788 1335 autem
810 1263 930 1334 locum
950 1259 1046 1335 salva
1069 1263 1156 1357 alte·

92 1361 192 1456 rius,
217 1363 253 1436 id
274 1360 349 1458 est,
377 1362 546 1458 plenioris
565 1359 751 1435 surditatis
772 1361 1004 1456 prolatione,
1029 1359 1155 1434 uasta·

92 1462 228 1578 verim:
261 1461 517 1536 continentiam
538 1459 574 1532 u
591 1461 832 1560 virginitatem
853 1461 987 1556 nuptiis
1005 1473 1157 1632 antegu-

91 1578 208 1654 nens,
243 1559 303 1636 sed
338 1581 415 1636 non
448 1561 662 1655 prohibitis:
697 1559 931 1636 destrtttlores
961 1561 1053 1634 enim
1121 1561 1157 1634 ei

87 1663 323 1756 nuptiarum,
356 1681 432 1733 non
445 1660 653 1734 vsestatores
674 1659 840 1736 castitatis
860 1660 1026 1735 retundo.
1088 1657 1156 1734 Ait

92 1785 160 1848 aas,
192 1766 448 1857 quiremanserat
467 1765 504 1830 in
525 1764 666 1832 aduentu
691 1761 811 1856 Christi
821 1816 830 1848 ,
856 1785 923 1832 cum
942 1765 987 1831 eir
1004 1763 1059 1858 qui
1075 1783 1157 1829 mor·

90 1865 150 1932 tati
166 1864 203 1930 iu
219 1860 339 1956 Christo
350 1865 451 1956 primi
467 1861 643 1954 resurgent,
670 1863 748 1954 quod
764 1865 800 1929 t'n
816 1861 949 1934 nubibus
966 1859 1157 1954 auferentur

91 1961 355 2030 musteriolum
374 1963 504 2030 domino.
554 1958 727 2054 Agnosco
747 1961 801 2033 his
820 1959 891 2051 jam
908 1975 994 2034 tunc
1011 1957 1157 2054 prospe·
1220 1977 1223 1984 '
1291 2015 1292 2018 ,

93 2055 158 2131 thr
177 2057 294 2130 mirari
306 2057 510 2132 substantias
522 2059 683 2132 ¹scelestes
696 2061 801 2153 ipsam
814 2051 1051 2154 Hierusalem,
1078 2080 1159 2152 quae

91 2153 223 2232 sursum
244 2156 316 2230 est:
343 2157 377 2231 dt
399 2179 463 2252 per
482 2155 617 2232 Esaiam
636 2161 894 2252 pronuntiare,
921 2162 1061 2250 quinam
1084 2162 1158 2234 huc
1286 2223 1292 2243 ,

60 2288 66 2299 ·
91 2257 199 2331 velut
212 2257 324 2330 nubes
345 2260 494 2348 volant,
521 2271 688 2346 tanquam
706 2259 879 2329 columbae
894 2277 973 2330 cum
984 2258 1094 2350 pullis
1112 2257 1169 2336 ad,

90 2375 162 2430 me.
213 2353 321 2430 Hunc
334 2353 508 2428 ascensum
522 2355 548 2428 st
560 2353 715 2428 Christus
727 2357 831 2428 nobis
847 2359 1073 2449 praeparavit,
1095 2357 1157 2432 illa
1228 2427 1231 2432 .

92 2455 164 2528 erit
175 2453 331 2528 Christus
345 2453 389 2528 de
403 2475 476 2548 quo
489 2451 607 2547 Osee,
635 2456 694 2546 qui
707 2453 881 2528 ascensum
896 2453 993 2529 suum
1006 2453 1158 2530 aedificat

92 2557 132 2630 in
153 2555 285 2646 coelos,
310 2555 435 2647 utique
450 2553 513 2627 fibi
532 2553 660 2628 &suis
710 2553 850 2627 Exinde
870 2571 981 2648 aquo
1007 2554 1157 2650 sperabo
1291 2625 1292 2628 t

92 2670 212 2746 nunc,
238 2654 301 2728 nist
322 2673 434 2746 aquo
451 2655 526 2728 haec
542 2651 689 2726 audivi?
715 2655 833 2755 Quem
845 2654 999 2751 spirirum
1010 2657 1158 2753 prohibet

92 2755 256 2848 extingui,
282 2751 317 2836 dt
341 2773 426 2846 quas
442 2755 622 2850 prophetias
643 2769 736 2825 vetat
757 2755 845 2824 nihil
865 2751 996 2828 halus?
1020 2756 1157 2850 Utique

91 2871 172 2926 non
199 2855 372 2926 creatoris
404 2851 584 2948 spiritum,
618 2873 688 2928 nee
717 2855 889 2928 creatoris
923 2857 1157 2952 prophetias,

91 2950 285 3027 secundum
307 2952 542 3027 Marcionem.
604 2956 695 3058 Quae
721 2955 814 3026 enim
846 2953 1045 3049 destruxit,
1083 2955 1158 3049 ipse·
1221 2982 1223 2990 ·

88 3053 164 3144 jam
188 3051 363 3144 extinxit,
389 3051 543 3128 &nihili
561 3049 671 3146 fecit,
705 3073 775 3128 nee
798 3054 918 3148 potest
940 3053 1158 3149 prohibere,

90 3163 173 3242 tpuae
191 3151 278 3228 nihil
301 3150 401 3226 fecit.
462 3151 561 3249 Ergo
590 3153 763 3226 incumbit
782 3152 963 3228 Marcioni
988 3153 1159 3228 exhibere

91 3249 204 3325 hodie
228 3249 321 3343 apud
345 3251 525 3340 ecclesiam
547 3247 641 3326 suam
662 3252 791 3326 exinde
808 3251 964 3346 spiritum
987 3253 1061 3327 Dei
1082 3252 1156 3348 sui,

90 3351 153 3442 qui
167 3367 245 3422 non
257 3350 300 3424 stt
315 3347 596 3447 extinguendus,
616 3350 890 3445 &prophetias,
908 3373 985 3446 quae
997 3373 1074 3428 non
1090 3350 1159 3428 lint

92 3449 195 3540 nihili
219 3449 398 3525 habenda.
449 3449 547 3525 Etsi
572 3449 757 3546 exhibuit,
796 3453 893 3544 quod
923 3451 1159 3548 purast-sciat
1290 3473 1291 3488 ³

91 3567 163 3622 nos
180 3549 430 3644 quodcumque
445 3549 533 3623 illud
549 3551 593 3626 ad
608 3549 760 3626 sormam
776 3549 936 3646 spiritalis
954 3553 988 3627 u
1003 3554 1160 3646 prophe·

91 3647 173 3722 tice
190 3649 310 3744 gratiae
327 3661 435 3740 atque
447 3651 592 3726 virtutis
610 3663 905 3746 provocaturos,
931 3665 973 3726 ut
990 3651 1160 3727 &santra

92 3749 330 3846 prenuntiat,
358 3749 552 3824 &occulta
594 3751 714 3824 cordis
731 3751 893 3844 revelet,
920 3751 1161 3828 &sacramen-

91 3863 130 3922 ta
153 3843 324 3925 eduae.
378 3845 470 3925 Cum
491 3849 579 3928 aihu
603 3851 686 3924 tale·
697 3849 892 3948 prandent
908 3873 951 3926 at
973 3854 1158 3950 probarita

60 4001 63 4006 -
215 3994 220 4003 -
1042 3969 1110 4025 nos
