2582 4322
179 171 248 271 39⁶
276 232 281 241 .
314 168 362 268 Q'.
389 93 695 289 seorsim.
721 132 1090 242 Toni-utamur

178 335 216 408 in
231 341 398 424 quantum
414 335 491 402 non
504 325 572 400 fuit
586 327 763 420 bellator,
788 325 960 420 quianon
976 323 1056 402 talis
1077 327 1121 401 ab
1136 323 1244 407 Esaia

133 453 137 464 ·
180 431 400 530 predicatur.

258 551 312 620 15.
337 525 396 600 De
419 525 608 620 quaestione
629 528 765 616 cernis,
792 526 901 622 &per
919 549 995 604 eam
1014 527 1241 624 nativitatis,

179 629 215 706 dt
247 631 351 702 unius
383 628 524 701 interim
560 627 713 698 nominis
750 624 988 704 Emmanuelis
1019 627 1098 702 huc*
1115 627 1239 721 usque.

176 728 239 806 De
265 726 399 801 caeteris
424 747 516 800 uero
542 725 767 820 nominibus,
807 727 842 800 dt
872 727 909 801 in
940 727 1060 822 primis
1086 724 1242 823 Cimisti,

179 830 263 922 quid
284 847 364 920 pars
381 823 519 899 diversa
534 821 791 918 respondebit?
825 825 861 900 Si
879 827 1030 922 proinde
1048 845 1241 902 commune
1266 921 1267 926 Ἰ

174 929 230 1002 est
249 927 341 1019 apud
359 947 429 998 vos
450 923 574 998 Christi
593 945 748 1020 nomen,
775 926 1069 1019 quemadmodum
1090 925 1124 998 dt
1145 925 1240 1022 Dei,

179 1041 224 1101 ut
237 1027 325 1102 ficut
339 1023 517 1116 utriusque
531 1021 603 1097 Dei
619 1021 730 1102 filium
747 1025 920 1102 Christum
939 1039 1122 1122 competat
1145 1025 1240 1120 dici,

179 1129 228 1204 stc
243 1141 431 1220 utrumque
445 1137 581 1219 patrem
598 1123 798 1200 dominum:
822 1138 920 1200 certe
933 1127 1026 1198 ratio
1043 1123 1128 1224 huic
1144 1147 1243 1222 argu

180 1225 392 1304 mentationi
406 1223 647 1318 refragabitur.
693 1229 755 1298 Dei
773 1229 865 1300 enim
878 1246 1011 1302 nomen
1028 1223 1122 1316 qttaii
1138 1241 1242 1298 natu-

180 1330 255 1402 rale
266 1323 476 1398 divinitatis.
493 1319 612 1414 potest
625 1324 662 1398 in
681 1344 804 1400 omnes
818 1323 1093 1416 communicari,
1111 1325 1242 1416 quibur

104 1495 109 1518 ,
180 1425 347 1499 divinitas
367 1419 583 1518 vindicatur,
598 1421 687 1498 sicut
702 1425 870 1518 &idolis,
886 1425 1028 1497 dicente
1043 1421 1242 1519 Apostolm

181 1523 327 1602 Nom&
348 1520 427 1593 sunt
444 1523 502 1614 qui
523 1519 688 1598 dicuntur
708 1523 789 1618 Dii,
815 1525 946 1600 sivein
968 1521 1085 1614 coelo,
1110 1521 1190 1596 sive
1206 1526 1250 1608 in,

181 1625 298 1699 terris.
350 1619 476 1695 Christi
498 1643 590 1696 vero
610 1644 741 1698 nomen
761 1645 837 1698 non
858 1635 1044 1698 ornatura
1062 1623 1242 1717 veniens,

181 1723 243 1798 sed
264 1743 308 1798 ex
333 1719 583 1816 dispositione,
621 1723 806 1818 proprium
827 1723 901 1818 ejus
925 1719 1097 1814 efficitur,
1124 1743 1244 1815 aquo

113 1905 120 1918 Ἰ
179 1823 385 1918 dispositum
403 1823 595 1898 invenitur.
646 1822 728 1898 Nec
745 1824 782 1896 in
806 1821 1168 1898 communicationem
1187 1821 1245 1896 alii

180 1921 268 1996 Deo
293 1919 468 2016 subjacet,
493 1918 643 1996 maxime
668 1923 818 2014 aemulo,
845 1920 879 1993 dt
902 1921 1045 1994 habenti
1070 1917 1169 1995 suam
1195 1921 1247 1995 di,

180 2019 433 2115 sposttionem,
461 2024 517 2094 cui
535 2021 568 2094 u
588 2023 733 2096 nomina
753 2023 894 2116 privata
916 2019 1070 2096 debebit.
1123 2023 1245 2118 Quale

109 2204 112 2213 ,
182 2120 234 2196 est
258 2119 349 2196 enim
373 2119 471 2213 quod
497 2117 650 2193 diversas
682 2117 924 2213 dispostiones
958 2119 1110 2192 duorum
1144 2139 1243 2194 corn·

126 2300 130 2312 ,
180 2219 537 2311 monendomum,
571 2219 777 2294 societatem
808 2219 992 2296 nominum
1023 2217 1241 2312 admittunt,

181 2323 220 2395 in
249 2317 456 2394 discordiam
488 2315 785 2412 dispositionum?
826 2319 981 2420 Quando
1007 2319 1104 2391 nulla
1129 2321 1244 2416 magio

116 2474 121 2483 .
181 2421 350 2518 probatio
386 2418 548 2507 assisteret
580 2417 791 2492 duorum&
823 2419 1028 2492 aemulorum
1050 2417 1241 2510 Deorum,

111 2571 114 2577 -
182 2538 288 2614 quam
307 2517 332 2592 sr
348 2519 384 2592 in
404 2515 634 2612 dispositione
655 2537 781 2597 eorum
806 2519 911 2591 etiam
931 2515 1112 2590 diversitas
1125 2517 1243 2591 norni-

168 2641 267 2694 num
284 2617 516 2692 inveniretur.
566 2616 696 2691 Nullus
721 2618 813 2692 enim
835 2615 943 2690 status
962 2613 1245 2708 differentiarum

181 2739 260 2794 non
292 2717 354 2792 niii
385 2717 662 2811 proprietatibus
695 2717 972 2812 appellationum
1002 2715 1241 2812 consignatur.

184 2817 325 2916 Quibus
341 2814 585 2890 deficientibus
604 2817 792 2910 fiquando,
820 2835 915 2890 nunc
932 2835 1044 2913 greca
1060 2815 1244 2914 carmhrefis

185 2917 230 2990 de
248 2918 363 2990 alieno
382 2914 770 2989 abutendo-succurrit:
796 2915 887 3008 apud
902 2913 1020 2988 Deum
1043 2929 1163 2988 autem
1183 2915 1243 2989 de·

183 3011 292 3092 ficere
313 3029 402 3108 puto
419 3015 505 3088 nihil
523 3015 650 3110 debet,
675 3035 742 3088 nec
763 3015 807 3088 de
830 3015 945 3088 alieno
963 3013 1082 3087 instrui
1100 3011 1243 3109 dispofi·

169 3119 303 3190 wtiones
324 3115 407 3206 ejus.
459 3115 549 3212 Quis
567 3115 623 3186 hic
635 3113 735 3187 Deus
755 3113 824 3207 est,
845 3117 904 3208 qui
919 3109 994 3191 fmo
1012 3133 1159 3207 quoque
1175 3111 1243 3188 suo

100 3297 105 3308 p
182 3215 329 3290 nomina
347 3205 371 3286 'a
394 3227 556 3290 creatore
582 3213 776 3288 vendicat?
808 3213 897 3289 Non
917 3213 1000 3285 dico
1018 3211 1152 3306 aliena,
1182 3211 1243 3287 sed

185 3328 311 3390 vetera
327 3313 360 3384 dt
378 3315 539 3412 vulgata,
567 3335 641 3406 qnae
660 3315 721 3386 vel
735 3313 781 3387 src
794 3333 869 3385 non
889 3325 1139 3405 competerent
1152 3312 1244 3386 Deo

126 3503 128 3506 ,
183 3433 288 3490 novo
306 3413 551 3511 &incognito
591 3412 788 3508 Quomodo
810 3412 959 3503 denique
978 3411 1086 3485 docet
1103 3433 1247 3496 novam,

76 3599 78 3602 ,
149 3560 155 3573 ·
183 3517 356 3612 plagulam
380 3533 456 3586 non
481 3509 573 3586 adsui
602 3512 718 3584 veteri
747 3509 982 3604 vestimento,
1019 3532 1087 3584 nec
1112 3511 1247 3584 vinum·

185 3622 322 3686 novum
341 3613 522 3685 veteribus
547 3609 684 3684 utribus
710 3609 825 3704 credi,
846 3609 980 3684 assutus
998 3608 1070 3704 ipse
1090 3609 1242 3684 &indu-

182 3723 241 3782 tus
267 3713 449 3790 nominum
468 3708 595 3783 senio?
629 3711 827 3806 Quomodo
853 3705 997 3783 abscidit
1014 3729 1106 3782 even
1131 3711 1241 3784 elium

185 3809 320 3908 alege,
347 3825 426 3886 tota
440 3813 517 3910 lege
533 3809 709 3890 vestitur?
732 3810 932 3890 innomine
947 3806 1078 3884 scilicet
1097 3731 1241 3886 dhrim.

1049 3979 1053 3986 .
1091 3909 1189 4011 Quis
