2572 4332
184 219 243 336 n‘r'
334 221 393 338 Q?
411 232 548 312 sarr.
571 199 1105 314 adoraremus-misr

186 403 284 478 tatis.
332 396 397 472 Dii
420 417 513 472 vero
533 399 599 489 'qui
622 395 731 494 magis
757 395 955 490 tributarii,
990 397 1100 492 magis
1127 394 1276 490 sanclis·

185 506 263 580 imo
280 499 339 598 qui
352 498 461 592 magis
478 495 605 589 sancti,
631 497 741 594 magis
759 496 954 570 tributarii:
980 495 1140 588 majestas
1167 519 1269 590 quae·

177 597 316 679 'surmio
332 594 494 671 efficitur.
512 650 516 659 .
547 595 685 668 Circuit
696 614 877 688 cauponas
889 594 1015 690 religio
1026 597 1268 692 mendicans,

185 702 328 798 exigitis
349 695 552 772 mercedem
575 713 643 789 pro
669 696 748 768 solo
770 695 916 787 templi,
946 713 1014 788 pro
1036 694 1134 768 adim
1152 695 1266 774 sacris

184 821 266 878 non
282 801 369 873 licet
384 796 472 869 deos
486 791 587 870 nolle
598 795 725 891 gratis,
750 794 898 866 venales
910 791 1000 867 sunt
1028 795 1128 894 Quid
1143 800 1265 875 omni·

185 921 240 978 no
255 899 308 973 ad·
319 893 555 971 honorandos
575 915 639 968 eos
661 893 798 986 facitis,
829 891 928 984 quod
941 913 1017 968 non
1033 895 1150 968 etiam·
1164 917 1265 970 mor·

185 1002 259 1074 nris
277 995 403 1071 vetaris
426 989 646 1068 conferatis?
679 991 963 1087 aedes-proinde,
998 1014 1074 1066 aras
1099 995 1265 1087 proinde

154 1139 157 1146 ·
185 1099 282 1174 idem
293 1097 435 1171 habitus
450 1091 643 1189 &inssgnia
657 1091 840 1170 instatuis.
865 1105 908 1194 ut
924 1105 1028 1186 aetas,
1052 1105 1095 1166 ut
1111 1115 1194 1188 ars,
1217 1111 1264 1172 -ut

183 1199 374 1296 negotium
392 1193 528 1270 mortui
548 1191 642 1286 fuit,
674 1192 724 1264 ita
752 1192 839 1266 deus
864 1191 925 1267 est„
964 1213 1037 1285 quo
1062 1188 1192 1266 diflert
1216 1199 1262 1270 ab

185 1295 412 1467 epulokevis
424 1287 659 1366 micernium?
685 1289 866 1386 aiimpulo
883 1291 1005 1396 obba?
1032 1293 1077 1370 'ab
1094 1291 1262 1389 aruspice

185 1397 301 1494 pollin
338 1389 406 1466 ori
444 1411 527 1464 narn
553 1389 588 1464 dt
610 1388 758 1484 aruspex
786 1391 938 1465 mortuis
960 1405 1118 1488 apparet
1187 1393 1262 1470 Sed

185 1497 294 1592 digne
310 1489 585 1586 imperatoribus
602 1487 775 1564 densetis
790 1490 970 1566 honorem
989 1492 1192 1566 divinitatis
1212 1495 1262 1570 di·

183 1595 307 1687 catis,
342 1591 468 1686 quibus
496 1589 531 1662 dt
552 1589 764 1664 viventibus
786 1611 868 1666 eum
889 1589 1063 1666 addeins.
1098 1610 1259 1688 accqrto

184 1691 367 1771 ferentdii
385 1689 515 1784 vestri,
548 1691 622 1762 imo
639 1691 928 1785 gratulabuntur,
962 1691 1060 1784 quod
1074 1711 1182 1783 pares
1207 1695 1257 1768 eis

183 1791 275 1870 fiant
290 1791 425 1868 domini
437 1787 498 1864 sui.
518 1787 584 1863 sed
600 1809 709 1882 quum
721 1787 950 1863 Larentinam
959 1791 1143 1882 publicum
1153 1791 1257 1869 scot·

185 1907 287 1985 tum,
312 1891 424 1966 velim
438 1887 561 1966 saltem
576 1887 724 1962 Laidem
743 1905 805 1961 aut
818 1888 1007 1982 Phrynen,
1030 1891 1127 1963 inter
1139 1891 1255 1986 Juno·

133 2039 136 2047 ·
182 2015 250 2070 nes
267 1993 304 2066 dt
317 1987 465 2064 Cereres
477 2009 518 2062 ac
531 1986 665 2062 Dianas
682 1985 859 2080 adoratis,
886 2009 967 2062 cum
980 1987 1165 2064 Simonem
1176 1991 1254 2066 Ma·

185 2114 271 2192 gum
285 2089 397 2165 statua
410 2087 446 2161 dr
461 2087 693 2180 inscriptione
705 2086 810 2160 senili
820 2088 877 2162 dei
889 2087 1126 2182 inauguratis,
1142 2113 1254 2184 quum

183 2193 232 2268 de
245 2189 465 2292 paedagogiis⁸
471 2187 593 2260 aulicis
604 2185 724 2260 nescio
736 2205 841 2278 quem
856 2185 1026 2261 cinaedum
1044 2187 1153 2266 deum
1169 2191 1253 2266 faci

183 2293 256 2386 tis,
287 2291 375 2364 licet
394 2308 471 2362 non
488 2287 686 2362 nobiliores
711 2287 759 2360 dii
781 2301 949 2379 veteres,
984 2299 1101 2364 tarnen
1122 2306 1253 2364 conns

183 2391 326 2470 meliam
340 2411 361 2462 a
375 2387 483 2460 vobis
501 2385 725 2480 deputabunt
741 2385 834 2478 hoc,
851 2387 967 2460 &aliis
979 2387 1131 2480 bcuille,
1152 2391 1253 2482 quod

99 2574 103 2582 ,
183 2489 268 2566 solis
285 2487 650 2582 antiquittscontulit.
699 2484 805 2558 Nolo
821 2487 855 2558 u
871 2487 959 2560 ritus
972 2485 1113 2560 vestros
1125 2497 1252 2564 recen-

183 2591 278 2664 sere:
303 2609 380 2662 non
393 2587 477 2662 dico
489 2587 609 2679 quales
620 2585 691 2658 sitis
704 2587 741 2658 in
751 2582 1004 2679 sacrificando,
1031 2607 1111 2660 cum
1126 2589 1253 2666 enecta

186 2690 222 2762 dc
237 2685 448 2762 tabidosa&
465 2683 621 2760 scabiosa
638 2705 785 2777 queque
798 2685 955 2759 medatis
972 2739 986 2778 ‚
1014 2705 1095 2760 tum
1112 2686 1160 2761 de
1174 2693 1252 2786 opis

51 2865 53 2876 ,
183 2791 251 2866 mis
274 2786 472 2880 &integris
496 2783 716 2877 supervacua
734 2805 880 2876 quaeque
899 2788 1072 2858 truncatis
1093 2790 1252 2879 capitam

184 2880 288 2964 &un
348 2905 407 2978 as,
433 2905 510 2976 que
530 2885 628 2958 domi
647 2903 790 2976 quoque
811 2884 928 2976 pueris
948 2886 1176 2959 veientibus
1192 2887 1252 2962 de·

182 2887 387 3074 stinellgeutlim
414 3003 522 3075 quum
540 2982 585 3055 de
599 2983 735 3056 decima
746 2983 912 3056 Herculis
925 3003 993 3055 nec
1010 2987 1152 3058 tertiam
1170 3009 1266 3080 par..

151 3119 154 3127 ·
183 3103 259 3162 tem
275 3088 313 3160 in
329 3103 424 3158 mam
449 3081 525 3175 eius
543 3081 735 3175 imponitis.
788 3081 961 3156 Laudabo
983 3085 1093 3180 magis
1110 3082 1265 3179 sapiens.

174 3187 291 3282 tiam,
316 3181 417 3278 quod
434 3182 479 3256 de
502 3182 643 3276 perdito
660 3179 789 3274 aliquid
806 3183 952 3276 eripitis.
1239 3186 1264 3271 l

208 3365 213 3378 ,
262 3305 316 3378 14
340 3281 411 3359 Sed
429 3279 625 3355 conversus
645 3281 689 3354 ad
704 3283 841 3354 litteras
861 3277 1019 3373 vestras,
1045 3281 1177 3371 quibus
1199 3287 1209 3304 '

181 3383 383 3462 formamini
415 3382 461 3456 ad
492 3377 741 3475 prudentiam,
778 3381 812 3454 dt
843 3378 887 3454 ed
916 3379 1072 3454 liberalia
1105 3380 1234 3458 officia·

183 3500 315 3581 quanta
330 3481 480 3556 invenio
497 3478 675 3553 ludibria?
696 3477 799 3576 Deos
821 3480 914 3556 inter
929 3477 968 3554 ie
982 3491 1134 3574 propter
1148 3479 1208 3556 Tr

178 3590 284 3682 jaros
302 3583 338 3658 dt
353 3580 522 3655 Achivos
536 3591 579 3652 ut
593 3579 828 3676 gladiatorum
843 3577 942 3671 paria
960 3577 1169 3674 cougrellos
1185 3583 1209 3656 d

182 3677 360 3782 pugnail'e.
380 3717 382 3720 ·
409 3681 591 3755 Venerem
611 3680 764 3754 humana
776 3677 900 3774 sagitta
915 3678 1123 3768 sauciatam,
1144 3699 1166 3771 q

180 3781 292 3858 lilium
303 3779 403 3858 suum
416 3777 578 3854 Aeaeam
590 3797 683 3872 pene
698 3776 924 3852 interieiium
943 3775 1133 3852 abeodem
1149 3779 1203 3854 Di

112 3862 127 3898 ¹
178 3882 283 3960 mede
300 3879 578 3979 raperenveliet
599 3875 785 3956 ‚Murem
809 3876 1180 3988 tredecimmenbbus
1210 3879 1220 3898 ⁶

232 4024 244 4046 a
302 4032 310 4048 .
630 4019 649 4058 a
685 4034 707 4062 4
1063 3994 1192 4054 vulcu-
