2618 4340
141 175 187 231 ra
281 159 334 262 Q.
361 154 497 234 sarr.
524 136 662 234 F'aoa.
690 135 1060 268 Trnrutnraxr

137 318 314 416 pularium
330 337 396 414 per
415 323 632 412 proclivum.
687 321 867 400 Cathedra
883 340 1029 414 quoque
1047 313 1219 392 nomina-

137 429 198 528 tur
209 415 282 511 ipse
297 417 334 492 in
349 419 508 495 antrattu
522 421 566 496 ad
584 421 781 496 consessum
794 423 889 496 fittls.
941 421 1066 510 ltaque
1081 441 1100 492 e
1121 437 1217 492 con-

136 517 250 592 trario
268 517 396 592 infelix
411 521 471 612 qui
490 520 528 598 in
550 523 793 616 quodeunque
808 519 1001 596 concilium
1017 519 1216 612 impiorum

137 617 287 711 abierit,
316 617 351 690 de
366 619 403 691 in
421 639 633 714 quacunque
649 623 711 694 via
732 628 967 716 peccatorum
983 618 1145 712 steterit,
1174 615 1217 690 er

133 719 175 792 in
194 737 406 810 quacunque
428 721 597 795 cathedra
614 721 765 816 pellium
787 720 936 796 sederit.
981 717 1219 793 Generaliter

135 816 267 892 dissum
284 817 543 916 intelligamus,
572 843 653 898 cum
669 821 754 914 quid
767 822 874 896 etiam
889 818 1086 912 specialiter
1099 817 1215 890 inter-

134 915 271 1014 pretari
296 917 400 1012 capit.
459 919 555 994 Nam
579 919 834 1016 &specialiter
864 917 1022 1012 quaedam
1047 935 1217 1010 pronun-

134 1017 247 1112 tiata,
275 1019 490 1115 generaliter
509 1014 658 1116 sapiunt.
722 1021 813 1096 Cum
833 1019 935 1094 Deus
957 1015 1130 1090 Israelitas
1150 1017 1217 1089 ad-

23 1172 30 1183 .
135 1132 264 1191 monet
286 1116 475 1211 disciplinae
492 1122 555 1194 vel
582 1123 776 1218 objurgat,
805 1120 930 1213 utique
944 1117 988 1190 ad
1002 1138 1127 1192 omnes
1147 1119 1215 1190 ha·

135 1215 225 1292 bet:
262 1239 344 1292 cum
361 1217 537 1315 Aegypto
559 1221 594 1294 ta
616 1217 824 1314 Aethiopiae
843 1219 992 1294 exitium
1015 1218 1214 1290 commina-

134 1327 219 1410 tur,
244 1317 283 1395 in
300 1333 604 1418 omnemgentem
618 1321 858 1414 peccatricem
870 1317 1087 1412 praeJudicat
1147 1315 1216 1390 Sic

134 1419 252 1493 omnis
268 1440 355 1515 gens
376 1419 560 1511 peccatrix
576 1433 733 1494 vocatur
744 1418 934 1516 Aegyptus
947 1417 981 1490 δι
994 1415 1212 1510 Aethiopia,

134 1515 293 1612 aspecie
314 1519 358 1591 ad
372 1535 495 1614 genus:
546 1519 860 1694 (ffuemadmodum
877 1519 983 1592 etiam
1005 1517 1049 1591 de
1066 1517 1214 1614 origine

132 1613 415 1712 spettauuorum
432 1640 540 1694 omne
569 1619 791 1728 pestaculum
804 1619 998 1693 concilium
1013 1631 1127 1690 vocat
1143 1617 1211 1691 im·

130 1717 300 1816 piorum,
329 1742 349 1792 a
368 1739 502 1814 genere
518 1720 564 1793 ad
582 1719 747 1814 speciem.
1036 1722 1040 1733 '

209 1841 244 1909 4.
272 1815 333 1892 Ne
358 1819 435 1910 quis
459 1820 699 1917 argumentari
720 1841 790 1894 nos
814 1831 943 1914 putet,
972 1817 1016 1890 ad
1031 1813 1210 1910 principa-

80 1915 84 1922 ’
132 1917 206 1993 lem
237 1917 487 1992 austeritatem
520 1933 718 1994 convertar
749 1919 854 2014 ipsius
887 1917 1053 2014 signaculi
1082 1915 1209 1990 nostri.

131 2017 225 2092 Cum
241 2037 366 2110 aquam
376 2017 514 2116 ingrelh
524 2019 756 2094 Christianam
771 2017 880 2094 fidem
897 2019 934 2090 in
947 2018 1035 2114 legis
1045 2015 1112 2089 sarae
1122 2037 1211 2088 ver-

130 2117 178 2191 ba
191 2111 429 2212 profitemur,
457 2117 678 2193 renunciasse
699 2141 768 2193 nos
788 2119 934 2194 diabolo
958 2118 993 2190 tr
1010 2135 1152 2212 pompae
1171 2116 1210 2190 δε

132 2217 266 2314 urgetis
289 2219 364 2311 ejus
380 2237 446 2292 ore
465 2217 591 2292 nostro
611 2217 863 2294 contestamur.
915 2217 1014 2320 Quid
1034 2217 1103 2289 erit
1117 2213 1209 2290 sum·

129 2323 228 2392 mum
254 2339 296 2392 ac
322 2319 562 2414 praecipuum,
597 2319 634 2392 in
660 2340 733 2411 quo
757 2317 920 2392 diabolus
947 2317 1149 2412 &pompae
1171 2313 1208 2388 dr

131 2417 247 2515 angeli
269 2419 344 2512 ejus
373 2416 612 2513 censeantur,
657 2441 762 2511 quam
785 2415 1026 2492 idololatria?
1069 2439 1115 2492 ex
1135 2436 1208 2510 qua

129 2517 247 2592 omnis
268 2516 470 2594 immundus
492 2517 526 2592 &
545 2539 699 2614 nequam
713 2515 876 2613 spiritus,
903 2533 946 2590 ut
961 2518 1012 2590 ita
1031 2516 1205 2609 dixerim,

130 2619 214 2712 quia
227 2639 296 2692 nec
311 2617 442 2692 diutius
465 2619 509 2694 de
532 2621 616 2696 hoc.
676 2619 830 2714 Igimrsa
848 2641 892 2692 ex
907 2614 1115 2694 idololatria
1127 2617 1206 2689 uni-

127 2711 269 2792 versam
284 2713 565 2812 speslaculorum
578 2733 782 2815 paraturam
798 2715 962 2794 constare
978 2715 1203 2810 constiterit,
1288 2769 1289 2772 a

124 2816 330 2894 indubitate
348 2817 615 2911 praejudicatum
635 2821 704 2893 erit
725 2819 832 2892 etiarn
852 2819 895 2892 ad
913 2815 1110 2912 speuacula
1124 2835 1206 2910 per·
1288 2823 1289 2836 ¹

126 2918 246 2992 tinere
261 2918 539 2992 renuntiationis
561 2918 691 2994 nostrae
710 2917 952 2992 testimonium
972 2919 1009 2990 in
1032 2919 1204 3012 lavacr0,

128 3039 207 3112 quae
229 3015 375 3090 diabolo
391 3017 426 3092 &
441 3040 583 3113 pompae
601 3019 636 3094 δι
656 3019 787 3116 angelis
807 3019 882 3112 ejus
896 3019 964 3092 sant
979 3018 1203 3111 mancipata,

82 3146 90 3161 “
109 3115 264 3196 'scilicet
277 3139 344 3213 per
353 3117 605 3196 idololatriam
659 3117 1029 3192 Commemorabimus
1045 3117 1203 3225 origines

126 3219 364 3316 singulorum,
393 3220 520 3312 quibus
531 3219 754 3294 incunabulis
766 3218 803 3291 in
817 3217 938 3322 seculo
956 3216 1204 3292 adoleverint:

127 3319 259 3394 exinde
275 3317 404 3393 titulos
424 3321 671 3415 quorundam,
700 3316 827 3413 quibus
849 3317 1053 3393 nominihus
1067 3337 1203 3391 nuncu·
1288 3397 1289 3412 ἶ

19 3431 24 3462 ’
83 3504 91 3517 .
125 3432 288 3518 pennu,
325 3419 456 3494 exinde
482 3433 702 3516 apparatus,
740 3419 868 3512 quibus
895 3415 1203 3512 superstitionibus
1288 3487 1289 3492 Ν

126 3517 366 3596 instruamur:
402 3532 480 3594 tum
499 3519 603 3615 loca,
639 3519 766 3612 quibus
785 3517 990 3594 Praesrdibus
1018 3515 1204 3592 dicentur:

125 3631 205 3694 tum
221 3632 337 3712 artes,
366 3619 492 3713 quibus
508 3619 711 3694 austoribus
729 3617 960 3712 deputentur.
1011 3613 1050 3690 Si
1061 3615 1145 3710 quid
1156 3635 1203 3690 ex

65 3765 70 3776 ·
114 3719 182 3824 „¹³5⁸
201 3738 278 3794 non
299 3719 343 3792 acl
366 3719 504 3794 idolum
519 3718 764 3815 pertinuerit,
802 3717 839 3791 id
855 3741 973 3811 neque
991 3717 1036 3790 ad
1051 3715 1204 3792 idolola-

125 3819 252 3916 triam,
280 3821 459 3914 nequead
474 3819 634 3901 nostram
647 3817 884 3916 ejerationem
897 3815 1126 3992 pertinebitb
