2572 4332
255 99 883 248 Drinotouanath
1065 175 1126 264 53.
1243 122 1246 128 ¹

979 285 983 300 l

50 311 178 415 presit:
209 309 297 388 nihil
314 305 460 386 solenne
474 311 686 408 pronuntiet
701 313 762 388 vel
781 286 926 407 edicat,
954 333 1003 389 ne
1015 313 1115 407 iuret
1178 365 1181 370 ·

12 387 16 452 i
54 409 209 508 quidem:
231 411 302 506 jam
318 429 409 484 vero
425 433 504 511 quae
519 409 598 488 sunt
613 411 821 508 potestatis,
847 433 963 506 neque
976 415 1115 508 judicet
1173 483 1176 509 ,

12 489 14 546 ¹
53 511 93 586 cle
107 511 224 604 capite
241 509 387 604 alicujus
401 513 463 586 vel
478 512 619 606 pudore
636 509 749 609 (feras
766 516 860 591 enim
878 513 923 588 de
938 513 1117 612 pecunia)

12 613 14 630 '
51 628 163 704 aeque
183 607 327 686 damnm
342 631 459 703 neque
482 609 720 707 proclamaret,
756 615 935 688 nemmem
954 613 1090 686 vinciat

48 709 227 890 garine}
237 709 421 804 recludat,
446 722 510 787 aut
528 723 720 806 torqueat3
745 713 860 789 sahaec
880 665 1115 830 medrbileeli

220 831 252 886 e·
925 851 927 864 ,
1250 848 1253 857 .

12 893 13 940 ³
122 829 192 992 ri?
206 909 284 1006 Jam
299 925 393 984 vero
410 909 455 985 de
477 907 555 984 solo
578 909 738 1010 suggestu
755 909 790 988 bt
810 924 980 1009 apparatu
996 909 1116 986 hono·

12 1013 14 1028 '
49 1007 391 1100 atrebaetensium
416 1011 583 1106 proprius
602 1009 743 1100 habitus
761 1009 1031 1104 uniuscujusque
1049 1009 1114 1104 est,

12 1125 14 1146 ’
50 1117 121 1186 tarn
137 1106 182 1182 ad
198 1105 299 1185 utam
322 1111 595 1204 quotidianum,
629 1131 734 1204 quam
752 1110 796 1184 ad
814 1111 993 1186 honorem
1015 1109 1116 1184 &di-
1187 1161 1193 1183 ,

12 1193 14 1240 i
50 1207 230 1306 gnitatem
279 1206 392 1306 Igitur
403 1227 561 1306 purpura
578 1211 639 1286 illa
655 1211 689 1285 u
705 1231 828 1288 aurum
842 1210 995 1284 cervicis
1013 1231 1118 1282 orna·
1146 1238 1152 1255 ·

12 1303 14 1336 ⁸
48 1319 208 1388 meatum
227 1307 358 1383 eodem
378 1329 481 1386 more
497 1309 591 1404 apud
609 1305 814 1410 Aegyptios
834 1309 870 1386 δι
892 1309 1114 1402 Babylonios

12 1405 13 1442 ³
50 1405 194 1506 infigura
209 1422 311 1482 erant
334 1407 534 1508 dignitatis,
568 1429 642 1504 quo
661 1429 765 1484 more
787 1431 884 1484 nunc
909 1421 1115 1502 praetexte,
1193 1417 1196 1426 “

12 1501 13 1538 ¹
50 1507 112 1580 vel
126 1505 280 1599 taabeae,
307 1509 567 1604 perparuam,
593 1509 629 1584 br
652 1529 799 1584 corooae
816 1529 931 1583 aureae
953 1506 1116 1582 sacerdo·

12 1625 14 1656 ³
51 1607 436 1702 mmprovinn'alium,
461 1605 610 1684 sednon
626 1609 748 1686 eadem
766 1609 988 1686 conditione.
1019 1603 1116 1680 Tan·
1158 1694 1159 1704 Ν

51 1717 128 1782 tun
144 1705 239 1782 enim
254 1705 405 1782 honoris
422 1709 568 1783 nomine
585 1707 864 1784 conferebantur
877 1707 930 1782 bis
944 1708 1004 1800 qui
1018 1705 1116 1780 fami·
1176 1757 1179 1772 .

47 1803 238 1895 liaritatem
253 1825 378 1902 regum
391 1809 629 1888 merebantur.
679 1805 788 1894 Unda
804 1807 838 1882 &
855 1807 1041 1903 purpurati
1063 1825 1117 1880 re

51 1919 136 2002 gum
149 1903 374 1979 vocabantur
386 1929 408 1982 a
420 1923 591 2004 purpura,
609 1907 699 1983 ficut
712 1907 806 2004 apud
818 1928 886 1982 nos
901 1919 1021 2002 atoga
1036 1925 1116 1978 ean·

51 1999 132 2078 dida
158 2001 356 2082 candidatit
388 2006 447 2082 sed
466 2028 542 2082 non
561 2021 617 2097 ut,
627 2005 803 2107 suggestus
824 2009 883 2082 ille
911 2003 1117 2080 sacerdotiis

51 2121 199 2198 quoque
215 2118 277 2182 aut
297 2106 469 2202 aliquibus
485 2107 667 2182 idolorum
685 2106 810 2182 officiis
832 2104 1115 2201 adstringamur.

48 2197 144 2278 Nam
162 2201 191 2278 sr
210 2203 261 2280 ita
277 2201 390 2302 ellat,
424 2207 549 2300 utique
569 2221 677 2282 tantae
696 2206 885 2282 labilitatis
904 2205 938 2280 δι
956 2201 1131 2290 constan,

51 2302 108 2376 a·ae
122 2301 195 2376 viri
215 2301 330 2382 statim
344 2305 486 2382 habitus
501 2309 705 2400 inquinatos
722 2303 961 2398 recusarent,
987 2301 1116 2378 statim·

51 2413 120 2496 que
140 2401 353 2496 apparuisset
373 2404 561 2482 Danielem
580 2405 686 2484 idolis
706 2423 784 2480 non
807 2400 1016 2495 deseruistis,
1048 2419 1119 2476 neo

51 2497 172 2576 Belem
186 2521 258 2576 nec
275 2501 466 2582 draconem
483 2509 627 2600 colere,
659 2505 759 2600 quod
775 2507 892 2583 multo
908 2499 1033 2596 postea
1057 2523 1118 2594 ap

51 2603 179 2698 paruit.
230 2599 387 2698 Simplex
399 2605 505 2704 igitur
521 2625 677 2700 purpura
693 2607 773 2700 illa,
796 2625 867 2678 nec
879 2603 952 2697 jam
972 2601 1118 2696 dignita-
1168 2648 1172 2660 ·
1206 2615 1209 2622 '

12 2775 17 2800 7
51 2701 240 2795 riserat,
280 2701 340 2780 sed
373 2705 600 2804 ingenuitatis
635 2703 732 2800 apud
766 2701 943 2780 Barbaros
974 2700 1117 2798 insrgno
1253 2754 1255 2764 a

54 2799 368 2902 Quemadmodum
388 2805 481 2881 enim
497 2805 531 2880 bt
547 2802 679 2900 Joseph
700 2805 761 2898 quai
775 2801 896 2878 servus
912 2799 1058 2896 fuerat,
1085 2800 1119 2874 tr

53 2895 182 2975 Daniel
203 2901 264 2995 qui
280 2923 346 3001 per
369 2907 614 3000 captivitatem
635 2903 762 2980 statum
781 2915 970 2996 verterat,
995 2901 1119 2974 civita·
1236 2896 1239 2910 '

53 3011 126 3074 tem
144 3001 381 3094 Babyloniam
398 3003 665 3100 &Aegyptiam
682 3002 762 3076 sunt
779 2997 962 3077 consecuti
977 3020 1042 3094 per
1060 2999 1121 3072 ha·

51 3099 167 3174 bitum
187 3101 382 3176 barbarica
403 3105 651 3200 ingenuitatis:
681 3102 729 3176 fic
753 3123 863 3202 penes
885 3121 955 3178 nos
974 3117 1121 3190 quoque

53 3193 176 3274 fideles
202 3199 229 3273 sr
257 3199 397 3276 necesse
423 3201 549 3296 suerit,
581 3203 720 3298 poterit
745 3201 780 3274 u
803 3195 924 3298 pueris
948 3209 1135 3293 protextu

54 3297 234 3394 concedi,
268 3300 315 3376 &¹
332 3301 458 3397 puellis
483 3299 596 3396 stola,
628 3301 825 3376 nativitatis
849 3299 1013 3396 infigura,
1044 3315 1120 3368 non

53 3399 267 3494 potestatis:
294 3403 460 3500 generis,
485 3421 562 3482 non
585 3399 735 3475 honoris
752 3398 943 3484 sordine,
969 3415 1045 3468 non
1070 3394 1122 3466 su·
1191 3493 1193 3500 Α

51 3497 284 3594 perstitionis.
338 3497 507 3576 Cetemm
523 3517 681 3594 purpura
695 3501 756 3574 vel
774 3513 894 3572 cetera
914 3493 1056 3590 insignia
1072 3493 1121 3568 di·

103 3601 231 3674 'tatum
244 3597 279 3674 a
293 3597 532 3695 potestatum,
557 3597 694 3674 inserta
707 3595 868 3696 dignitati
888 3595 924 3669 te
931 3591 1122 3768 kporellati

78 3721 120 3774 us
136 3699 354 3774 idololatriae
369 3701 413 3774 ab
431 3700 535 3773 initio
552 3699 687 3791 dicata,
712 3699 846 3780 habent
861 3716 929 3790 pro
947 3707 1123 3766 anatronrs

55 3797 122 3905 sup
134 3799 332 3881 maculam:
358 3817 441 3878 cum
454 3811 626 3972 proteges
642 3797 721 3892 ipsu
737 3798 845 3875 etiarn
856 3793 961 3878 idolis
976 3791 1123 3884 induap·
