2612 4328
43 175 46 189 ·
95 145 118 176 ”
152 181 240 255 .274
282 151 1083 261 ¹Q.S-rurr.licon.Titurutr'rnur
1194 155 1206 220 ·“.

23 353 27 364 ·
80 337 88 408 J
165 315 838 416 &gladios&acerbaquaequecusare
873 314 1133 390 Sedmedicum
1151 339 1240 410 quo-

89 447 92 457 ·
153 441 237 512 =que
246 416 428 491 miraberis
445 417 551 488 etiam
564 416 602 488 in
617 417 706 509 illo,
730 417 831 507 quod
843 413 955 488 ferme
972 435 1076 508 pares
1091 417 1241 492 adhibet

168 520 355 611 qualitates
369 515 587 602 medelarum
604 513 771 589 adversus
792 515 979 606 qualitates
993 519 1240 612 querelarum,

168 641 249 693 cum
268 617 361 711 quasi
377 615 420 688 de
439 613 610 708 perverso
631 617 838 704 auxiliatum
858 637 924 708 per
937 637 979 688 ea
996 615 1239 711 subveniens,

109 722 115 737 '
155 739 321 811 perque
332 717 528 789 laboratur.
561 715 657 788 Nam
672 715 707 787 lit
731 717 868 788 calores
888 713 1069 788 'caloribus
1091 719 1239 810 amplius

157 817 355 891 onerando
375 811 589 908 compescit,
609 814 800 888 &ardores
818 815 871 888 siti
882 815 1003 908 potius
1023 817 1240 890 macerando

134 913 142 936 ⁹
167 917 357 1013 restringit,
370 914 504 989 &sellis
515 911 807 989 excelsusamaris
819 913 1014 1008 quibusque
1024 917 1239 1009 potionibus

103 1069 105 1074 -
160 1018 321 1116 colligit,
341 1013 559 1112 &sangtdnis
572 1015 689 1088 fluxus
702 1013 821 1088 defusa
829 1012 971 1109 insuper
981 1017 1113 1088 venula
1129 1035 1239 1088 revo-

43 1165 47 1180 ,
161 1129 237 1192 -cat
280 1115 401 1189 Deum
418 1135 511 1188 vero
528 1113 562 1187 t
578 1114 721 1206 quidem
730 1116 877 1186 zeloten
896 1115 1108 1208 culpandum
1123 1115 1239 1188 existi·

75 1207 81 1220 ’
161 1214 459 1309 mabis,llvoluit
469 1212 615 1286 certasse
627 1233 707 1286 cum
716 1211 1240 1308 causastinjurieaenmlando
1281 1260 1284 1264 -

40 1340 44 1364 ⁴
106 1397 109 1414 ι
166 1313 637 1411 prodelse,mortemmorte
648 1311 855 1405 dissolvere,
864 1313 1080 1388 occisionem
1091 1313 1239 1388 occisio-

168 1439 215 1491 ne
231 1413 443 1509 dispargere,
460 1415 650 1486 tormentis
668 1425 851 1486 tormenta
865 1411 1053 1506 discutere,
1072 1412 1241 1507 supplicia

167 1513 345 1608 suppliciis
354 1531 568 1606 evaporare,
576 1513 689 1588 vitam
699 1513 895 1588 auferendo
907 1513 1087 1606 conferre,
1098 1531 1242 1588 carnem

167 1614 331 1690 laedendo
353 1614 502 1706 juvare,
528 1614 677 1688 animam
700 1611 885 1708 eripiendo
904 1613 1064 1686 seruare:
1092 1633 1240 1707 perver-

168 1716 248 1793 sitas
268 1735 372 1806 quam
390 1725 519 1808 putas,
543 1713 639 1785 ratio
655 1711 728 1808 ell,
756 1713 854 1804 quod
871 1712 1037 1786 saevitiam
1051 1711 1241 1808 existimet,

40 1887 44 1898 ,
170 1814 282 1910 gratia
299 1811 386 1894 elim
410 1811 465 1886 Ita
480 1811 566 1884 Deo
582 1813 627 1886 de
641 1814 900 1888 momentaneis
918 1821 1050 1886 aetema
1068 1813 1241 1888 meditan-

169 1927 228 2002 te;
254 1907 441 2007 magnilica
457 1914 560 1984 bono
579 1923 647 1984 tuo
665 1912 786 1984 Deum
805 1925 923 1987 mum:
949 1911 1099 1986 incidisti
1118 1915 1155 1986 in
1170 1935 1245 1986 ma-

94 2072 95 2078 ,
156 2033 237 2085 nus
257 2013 355 2104 eJus,
380 2009 443 2084 sed
459 2011 612 2084 feliciter
629 2011 789 2086 incidisti.
814 2012 946 2088 Incidit
962 2013 1071 2085 &ille
1091 2015 1130 2086 in
1145 2015 1242 2109 aegri-v

169 2113 310 2186 tudines
338 2124 428 2184 tuas.
468 2111 594 2184 Homo
612 2109 747 2204 semper
768 2111 911 2186 medico
927 2113 1028 2206 prior
1047 2115 1240 2208 negocium

171 2213 268 2287 facit.
295 2211 463 2303 Denique
478 2209 701 2306 sibimetipse
717 2214 916 2305 periculum
932 2213 1059 2290 mortis
1075 2215 1241 2312 attraxit:

159 2323 362 2406 acceperat
380 2333 400 2384 a
415 2309 564 2384 domino
579 2309 643 2384 suo
660 2325 702 2382 ut
716 2334 738 2383 a
754 2313 894 2386 medico
907 2365 919 2404 ,
932 2311 1014 2386 satis
1031 2315 1157 2386 utilem
1177 2309 1241 2386 dis-

43 2432 46 2446 ·
172 2413 337 2505 ciplinam
356 2407 547 2484 secundum
564 2413 680 2507 legem
697 2411 871 2502 vivendi,
897 2425 939 2484 ut
962 2413 1081 2486 omnia
1099 2413 1250 2504 quidem,

166 2513 315 2605 ederet,
351 2512 397 2584 ab
423 2531 496 2584 una
519 2509 746 2584 solummodo
782 2510 965 2585 arbuscula
998 2525 1240 2608 temperaret,

95 2691 97 2696 ,
171 2629 283 2701 quam
294 2607 369 2704 ipse
388 2611 546 2686 medicus
570 2613 811 2707 importunam
833 2612 975 2686 interim
996 2625 1113 2688 norat.
1165 2615 1242 2684 Au-

170 2711 235 2782 diit
261 2711 343 2804 ille,
371 2731 477 2804 quem
508 2711 653 2800 maluit,
681 2710 715 2784 ta
747 2710 990 2784 abstinentiam
1019 2713 1138 2804 rupit,
1166 2713 1242 2784 edit

163 2811 370 2901 inlicitum,
405 2809 440 2882 &
460 2810 729 2904 transgresione
747 2811 919 2886 saturatus
938 2812 972 2884 in
989 2825 1144 2883 mortem
1163 2831 1242 2886 eru·

83 2943 86 2954 v
157 2909 301 3003 stavit,
331 2907 538 3008 dignissimus
555 2912 651 2982 bona
666 2908 792 2982 lidein
810 2923 930 2983 totum
949 2909 1074 3003 periise
1093 2912 1154 3001 qui
1174 2935 1241 2984 vo·

168 3011 246 3084 luit.
292 3007 368 3080 ‚Sed
386 3009 549 3086 doninus
566 3007 759 3087 sustentato
781 3009 929 3084 fervore
948 3009 1085 3102 delitii,
1122 3011 1243 3084 donec

169 3121 337 3203 tempore
379 3109 555 3182 medicina
592 3124 832 3207 temperatur,
873 3112 1042 3203 pattlatim
1084 3113 1243 3184 remedia

170 3205 394 3302 composuit,
444 3229 569 3282 omues
596 3207 680 3282 fidei
702 3209 899 3303 disciplinas
925 3209 959 3282 u
981 3209 1068 3304 ipsas
1099 3211 1242 3284 aemulas

171 3305 285 3402 vitio,
303 3309 471 3382 ,verbum
490 3309 617 3381 mortis
635 3315 754 3386 uerbo
777 3313 860 3381 vitre
879 3309 1148 3399 rescindentes,
1182 3331 1242 3382 au·
1276 3309 1288 3370 l

169 3407 283 3480 ditum
299 3407 578 3502 transgressionis
605 3407 727 3482 auditu
750 3409 960 3482 devotionis
982 3411 1166 3482 limantes:
1188 3411 1242 3483 ita

156 3507 205 3580 a&
220 3527 301 3580 cum
327 3509 419 3580 mori
438 3509 598 3600 precipit
613 3508 772 3582 medicus
790 3511 873 3602 ille,
900 3523 1091 3582 ueternum
1110 3511 1240 3584 mortis

170 3607 340 3705 excludit.
394 3607 491 3701 Quid
518 3621 688 3701 gravatur
711 3611 784 3705 pati
801 3629 898 3681 nrmc
916 3608 1029 3684 homo
1057 3631 1100 3682 ex
1127 3620 1241 3682 reme-

169 3706 253 3799 dio,
288 3707 386 3799 quod
419 3727 494 3779 non
530 3705 581 3780 est
606 3719 692 3782 uine
726 3723 892 3805 grauatus
930 3711 1005 3801 pati
1039 3729 1084 3782 ex
1116 3707 1240 3782 vitio?

165 3805 343 3898 Displicet
374 3807 498 3880 occidi
524 3807 562 3880 in
596 3805 762 3904 salutem,
796 3809 955 3909 cuinon
980 3808 1159 3904 displicuit
1181 3829 1241 3882 oc·

352 3960 355 3964 -
549 3939 564 3964 ·-
1118 3907 1190 3980 cidi
