2612 4328
120 183 194 274 278
296 163 345 275 Q
370 109 499 252 Smer,
522 137 657 267 From
682 167 1020 286 Tenrurutrnur
1100 220 1104 230 ,

121 339 171 412 br‘r
193 335 330 410 tradidit
357 335 465 420 illum,
492 329 634 428 quomodo
659 329 702 408 (1
717 357 785 404 non
802 357 871 402 cum
888 333 938 402 illu
959 335 1066 402 omnia
1091 333 1201 404 condo·

77 479 80 486 ·
120 431 345 510 mairoliis?
370 434 485 509 Vides
504 433 692 528 quomodo
712 433 817 506 etiarn
832 433 1019 525 proprium
1046 431 1144 506 suum
1160 430 1201 505 fi-

8 609 9 626 ,
123 539 211 612 lium
225 537 524 633 primogenitum,
551 531 846 629 &umgenitum
872 530 996 624 sophia
1011 532 1132 605 divina
1144 533 1202 624 ju-

8 631 9 694 ἶ
123 637 323 734 gulaverit:
348 635 474 728 utique
497 631 696 725 viduarum,
732 635 842 706 immo
863 631 897 703 ἂ
917 622 1066 706 eeteros
1088 634 1124 704 in
1147 633 1201 704 vi-

8 771 9 776 *
122 751 199 812 tam
231 733 466 812 redadurum.
513 731 657 808 Pollum
681 732 801 812 dicere
836 751 918 807 carm
952 729 1076 826 sophia
1106 731 1201 824 Dei,

126 835 287 911 Christus
305 835 356 908 est
377 833 437 928 qui
454 831 488 906 se
502 831 649 906 tradidit
663 853 732 926 pro
753 829 888 906 delitiis
907 833 1056 924 nostris,
1080 833 1151 924 jam
1166 832 1202 904 dr

45 971 51 986 -
123 933 343 1030 semetipsam
365 933 489 1028 sophia
512 933 720 1007 trucidavit.
770 933 894 1006 Verba
917 952 993 1006 non
1015 929 1106 1004 sono
1120 929 1200 1006 solo

60 1121 62 1134 Ι
123 1034 287 1130 sapiunt,
314 1034 372 1108 sed
392 1035 427 1106 u
451 1031 558 1126 sensu.
608 1031 692 1106 Nec
710 1033 851 1106 auribus
871 1031 1120 1106 tantummodo
1142 1051 1201 1102 au-

124 1135 255 1210 dienda
267 1135 371 1226 sunt,
397 1133 458 1208 sed
476 1133 509 1206 ἃ
524 1133 717 1206 mentibus.
769 1131 957 1206 Crudelem
973 1129 1113 1224 Deum,
1140 1129 1210 1222 qui.

61 1317 71 1329 ,
123 1255 203 1310 uon
217 1233 407 1331 intelligit,
434 1232 559 1307 credit.
612 1232 875 1332 Quanquam&
890 1251 966 1318 non
986 1229 1200 1324 intelligenti
1269 1233 1279 1242 ’

123 1335 241 1432 polita
262 1331 438 1408 sententia
459 1331 534 1426 est,
560 1354 638 1426 quae
654 1331 892 1405 temeritatem
908 1329 1077 1404 cohibeat
1098 1329 1202 1404 aliter

123 1433 359 1530 intelligendi.
410 1435 495 1526 Quis
514 1435 620 1519 cuim,
645 1431 782 1524 inquit,
805 1434 1081 1524 signavitseusam
1106 1427 1201 1505 Dei?

124 1553 187 1608 aut
201 1539 273 1630 quis
293 1535 342 1604 ili
360 1533 557 1626 cmfiliarius
572 1532 671 1626 fuit,
697 1537 753 1629 qui
769 1555 837 1602 eum
857 1531 1013 1629 instruat,
1035 1547 1092 1602 aur
1109 1537 1201 1602 viam
1249 1613 1252 1622 y

8 1719 10 1728 Ι
121 1637 344 1728 ’ὑικίίὶςεπτὲι
357 1639 428 1731 quir
443 1634 668 1732 demonstravit
688 1628 757 1702 idi?
783 1629 965 1706 Sedenim
983 1624 1200 1723 Scythium

123 1730 308 1828 Dianam,
345 1744 408 1806 aut
440 1732 626 1807 Gallorum
655 1730 899 1822 Mercurium,
936 1745 997 1804 aut
1021 1729 1199 1812 Afrorum

123 1833 340 1912 Saturnum,
373 1815 559 1908 hominum
589 1831 733 1906 vitiima
760 1831 898 1924 placari¹
925 1831 1017 1924 apud
1041 1830 1200 1906 seculum

85 1989 98 2028 4
124 1933 239 2008 licuit.
289 1931 835 2024 ErLauomnodiernumJovi
850 1929 966 2004 media
980 1931 1016 2002 in
1028 1932 1119 2004 urbe
1135 1932 1200 2006 hu·
1262 1995 1263 2003 Ν

122 2054 250 2106 manus
283 2031 422 2129 sanguis
445 2031 652 2129 ingustatur.
704 2029 786 2104 Nec
806 2030 984 2122 quisquam
1004 2030 1200 2125 retractat,

122 2143 188 2212 aut
204 2153 281 2204 non
296 2135 475 2206 rationem
496 2131 673 2225 praesumit
696 2131 870 2223 aliquam,
897 2142 959 2204 aut
980 2130 1196 2212 inaestimabi-

124 2233 195 2311 lem
210 2231 281 2305 Dei
299 2231 350 2305 sui
362 2235 600 2307 uoluntatem.
652 2229 688 2304 Si
702 2230 824 2325 noster
840 2251 984 2322 quoquc
997 2229 1099 2303 Deus
1114 2252 1199 2326 pro-

12 2405 13 2409 ,
124 2333 210 2446 priae
232 2331 355 2405 hostie
378 2333 527 2405 nomine
544 2332 714 2426 martyria
735 2329 800 2404 fibi
823 2329 1092 2424 depostulallet,
1120 2332 1197 2423 quis

123 2431 175 2506 alli
189 2429 434 2526 exprobraffet
450 2431 623 2507 funestam
646 2433 878 2528 religionem,
905 2429 940 2502 te
963 2431 1129 2526 lugubres
1153 2434 1197 2504 ri-

123 2541 208 2624 tus,
235 2531 270 2603 &
288 2549 382 2605 aram
399 2551 552 2627 rogum,
579 2530 880 2624 &pollinctorem
894 2529 1137 2622 sacerdotem,
1164 2531 1199 2604 dc
1285 2589 1289 2597 .

123 2649 200 2704 non
217 2631 363 2705 beatum
380 2632 528 2729 amplius
546 2630 765 2728 reputasset,
793 2651 898 2720 quem
912 2629 1013 2702 Deus
1030 2630 1199 2704 comedis-

23 2775 29 2792 ι
123 2727 205 2804 set?

126 2879 128 2888 ι
201 2835 233 2909 8.
260 2829 384 2905 Unum
403 2831 513 2930 igitur
540 2831 686 2927 gradum
710 2827 916 2920 insistimus,
943 2827 1033 2900 &in
1052 2829 1125 2902 hoc
1144 2829 1199 2904 so·
1265 2911 1270 2917 ,

123 2927 198 3004 lum
221 2949 495 3025 provocamus,
522 2953 566 3004 an
582 2943 762 3024 praecepta
780 2930 848 3002 fint
866 2927 985 3001 aDeo
1005 2931 1200 3020 martyria:

64 3051 65 3059 ¹
122 3042 167 3103 ut
186 3029 310 3104 eredas
326 3031 468 3102 ratione
487 3043 688 3125 praecepta,
715 3028 936 3121 fipraecepta
955 3031 1196 3122 cognoveris,

125 3129 208 3222 quia
221 3130 308 3204 nihil
322 3128 423 3204 Deus
438 3151 514 3204 non
525 3131 668 3204 ratione
678 3131 899 3222 praeceperit.
953 3127 1133 3220 Siquidem
1145 3129 1199 3198 lu·

52 3247 64 3256 ”
124 3246 242 3302 morata
264 3230 302 3325 ιβ
325 3233 407 3325 opud
429 3233 517 3302 idum
538 3255 620 3300 mors
648 3229 853 3319 religiosorum
876 3231 989 3324 ipfius,
1035 3239 1077 3298 ut
1101 3229 1199 3300 canit

118 3327 272 3422 David,
305 3350 383 3404 non
406 3329 541 3424 opinor
557 3329 624 3404 ista
652 3329 848 3410 communis
868 3329 1081 3403 &omnium
1102 3327 1199 3401 debi-
1258 3386 1262 3396 ,

124 3440 213 3503 tum.
265 3425 405 3522 Atquin
440 3429 504 3504 ista
533 3429 641 3504 etiam
666 3427 901 3524 ignominiosa
927 3427 978 3501 est
1003 3448 1047 3504 ex
1074 3429 1198 3522 elogio

79 3593 83 3602 ,
124 3529 404 3624 'transgressionis
450 3529 485 3602 u
529 3527 661 3603 merito
706 3526 972 3622 damnationis,
1032 3525 1113 3608 sed,
1138 3529 1198 3600 illa

126 3647 204 3718 quae
223 3629 352 3721 inipso
371 3629 512 3702 auditur
529 3650 576 3702 ex
598 3625 803 3706 testimonio
822 3629 1029 3722 religionis,
1053 3625 1087 3698 &
1110 3646 1198 3718 prae-

125 3725 178 3798 lio
215 3727 461 3820 confeffionis,
496 3747 566 3820 pro
597 3723 730 3820 justitia
760 3726 795 3800 δι
825 3725 1070 3819 sacramente,
1106 3725 1198 3798 ficut

124 3820 279 3924 Esaias,
303 3829 406 3912 Vide,
439 3827 580 3925 inquit,
610 3827 755 3930 quomodo
774 3834 863 3931 perit
880 3827 1005 3924 julias,
1042 3829 1081 3904 o
1108 3849 1198 3900 nemo

410 3961 414 3966 '
686 3957 689 3964 '
927 3977 933 3992 ·
996 3985 997 3993 η
1067 3950 1148 4000 ΜΙ-
