2598 4328
116 156 118 162 ’
158 143 418 246 aurursus
441 102 769 249 Maueiouru.
795 167 978 280 Lanlv.
1048 203 1127 287 j49?

48 353 120 408 rm
143 329 346 422 haemulus,
377 331 540 424 confitebar
557 338 594 406 in
616 335 667 402 iso
681 354 782 404 torem
806 335 881 408 Deo.
941 336 1015 436 Qui
1036 361 1123 420 con.

11 451 12 454 ’
50 429 254 510 fitebuntur
276 442 393 504 autem
407 433 444 506 in
460 427 629 531 Christo,
661 431 782 508 occidi
800 432 982 510 habebunt
999 458 1123 520 coram

52 531 282 623 hommum,
315 532 403 606 nihil
423 533 548 627 utique
566 532 711 626 amplius
733 529 859 624 palliari
875 533 957 628 post
973 535 1124 612 occisio·
1190 543 1197 557 '

53 651 139 712 nem
155 629 200 702 ab
217 629 295 704 illis.
353 629 401 706 Hi
423 651 510 726 ergo
536 645 641 704 erunt
664 652 754 723 quos
777 627 879 726 supra
902 651 1124 732 premonet,

53 749 101 811 ne
137 729 291 802 timeant
317 729 569 807 tantummodo
601 730 730 809 uendi.
781 729 870 806 Ideo
901 738 1121 828 premittens

54 847 132 916 non
155 828 349 905 timendam
374 827 614 924 occisionem,
640 845 684 904 ut
703 825 929 928 subjungeret
952 829 1122 912 sustinen-

56 929 135 1002 dim
158 927 436 1022 confessionem,
465 931 513 1000 Et
531 938 656 1016 mnis,
681 937 740 1026 qui
761 941 926 1022 negaverit
948 958 996 1002 me
1018 959 1120 1014 turam

11 1077 12 1088 ,
55 1028 262 1112 staminibus,
292 1030 493 1118 denegabitur
514 1054 615 1100 coram
638 1035 719 1110 Deo,
753 1029 1031 1124 abeuntique,
1058 1038 1121 1128 qui

55 1129 155 1213 illum
170 1121 405 1209 confitentem
421 1125 638 1202 consessurum
657 1123 783 1204 fussee.
825 1125 861 1205 Si
874 1130 967 1206 enim
980 1131 1123 1215 conses-
1193 1203 1194 1210 ι

55 1223 173 1309 sorem
190 1221 443 1318 confitebitur,
468 1224 539 1320 ipse
558 1227 722 1321 estqui&
739 1241 947 1324 negatorem
963 1233 1120 1328 negabit.

54 1321 199 1418 Porro,
225 1323 447 1398 ficonselsor
468 1324 543 1419 est,
569 1329 627 1402 cui
647 1327 736 1402 nihil
754 1327 1017 1414 timendumest
1037 1331 1121 1424 post

56 1422 301 1517 occislonem,
335 1441 486 1596 nelgator
509 1425 604 1519 orit,
639 1427 696 1498 cui
722 1427 915 1502 timendum
938 1428 989 1502 est
1013 1431 1129 1508 etiam
1154 1510 1162 1528 ‚

54 1521 320 1618 postmortem
388 1532 494 1616 taque
512 1545 594 1600 cum
608 1528 782 1600 metatoris
793 1525 854 1620 stt,
880 1527 978 1618 quod
992 1528 1120 1604 timen-

54 1621 138 1698 dum
160 1621 212 1694 est
225 1621 306 1718 post
323 1637 498 1717 mortem,
524 1621 844 1720 gehennaestilicet
861 1645 984 1720 prena,
1009 1627 1044 1698 bt
1057 1649 1121 1702 ne·

54 1733 160 1820 gator
184 1739 270 1816 ergo
299 1723 472 1803 creatoris
493 1721 554 1798 est.
593 1722 654 1804 ¹¹Si
673 1735 790 1798 autem
817 1722 849 1795 bt
876 1734 1049 1820 negator,
1083 1726 1121 1801 bt

55 1817 262 1912 consessor,
288 1821 348 1912 qui
367 1819 448 1914 post
466 1821 682 1904 otcifionorn
705 1823 793 1896 nihil
815 1823 858 1894 ab
875 1821 1021 1897 homine
1045 1821 1121 1920 pas·
1264 1883 1274 1913 s

53 1915 242 2014 hauseis,
268 1919 388 1992 aDeo
411 1921 515 2014 plane
534 1912 690 2014 paffurus
707 1919 731 1992 fi
751 1933 915 2018 negaret:
941 1934 1047 2016 atque
1068 1925 1121 2000 ita

55 2015 214 2094 christus
239 2019 410 2092 creaturis
434 2017 513 2112 est,
545 2021 605 2112 qui
630 2017 785 2094 ostendit
808 2034 999 2115 negatores
1035 2019 1119 2097 suot

56 2118 231 2194 creatoris
247 2119 443 2212 gebennam
462 2119 588 2192 timere
608 2119 753 2201 debere¹
808 2118 892 2192 Post
914 2120 1121 2198 deterritam

53 2219 178 2310 itaque
193 2217 440 2313 negationem,
465 2215 622 2310 sequitur
641 2217 676 2290 δι
693 2213 912 2311 blasphemiae
927 2217 1121 2292 formidan-

53 2317 108 2392 dae
128 2315 355 2410 admonitiO,
383 2322 452 2409 Qui
468 2319 586 2391 aliani!
608 2323 644 2386 in
656 2317 764 2406 filium
782 2315 947 2405 hominis,
974 2324 1121 2397 remitta-

54 2435 135 2502 ως
162 2417 212 2488 isi
231 2431 334 2486 uatem
352 2422 408 2514 qui
429 2418 546 2486 dixerit
566 2421 602 2486 in
619 2417 773 2510 spirirum
792 2414 959 2504 scrobium,
984 2439 1050 2489 utin
1071 2441 1123 2486 re·

53 2518 208 2590 usitetur
222 2519 261 2584 η’.
302 2513 414 2615 Quod
428 2514 451 2592 s1
465 2515 536 2607 jam
552 2511 587 2586 ἃ
605 2513 754 2590 remissio
773 2513 979 2588 &retentio
1001 2512 1121 2590 delini

52 2615 213 2710 judicem
226 2611 345 2688 Deum
358 2609 516 2708 sepiunt,
542 2613 642 2706 cujus
661 2615 730 2687 erit
746 2609 1029 2708 spirituasanilm
1043 2635 1122 2690 non

52 2711 379 2810 blasphemandus?
406 2711 495 2788 Non
513 2710 683 2800 remissuri
698 2709 831 2785 scilicet
849 2707 1120 2808 blasphemiam,

51 2813 146 2892 hort
161 2812 197 2886 δι
212 2810 313 2907 supra
325 2833 400 2886 non
417 2809 619 2910 negandus,
646 2809 797 2886 occisuri
815 2807 950 2896 scilicet
961 2811 1065 2888 etiam
1080 2814 1120 2886 iu

54 2915 268 3012 gehennam
313 2913 431 3012 Quod
449 2913 526 2988 sa&
543 2909 794 3005 blasphemiam
807 2909 964 2982 Christus
982 2931 1002 2981 a
1022 2931 1123 2983 crea-

52 3025 140 3086 tore
165 3006 319 3084 auertit:
355 3012 541 3102 quomodo
570 3009 788 3087 adversarius
815 3010 848 3082 ei
876 3012 1017 3083 venerit
1041 3027 1121 3082 nom

52 3109 141 3188 scio.
162 3192 167 3201 ,
194 3106 273 3182 Aut
285 3107 311 3182 sa
324 3109 432 3204 &per
445 3109 751 3191 haecseveritatem
762 3109 836 3202 ejus
850 3103 1021 3199 infuscat,
1041 3126 1121 3182 non

52 3204 229 3288 renalium
242 3208 510 3302 blasphemiam,
535 3206 728 3284 &occisuri
738 3209 844 3282 etiam
852 3208 890 3278 in
905 3207 1119 3301 gehennam:

48 3307 237 3404 staperest,
262 3320 305 3379 ut
329 3307 364 3382 bt
388 3307 480 3380 illiue
507 3307 635 3384 diuersa
650 3307 733 3380 ·Dei
757 3309 900 3402 impune
926 3304 1120 3397 &spiritur

53 3409 339 3504 blasphemetur,
367 3406 401 3480 u
425 3405 582 3482 Christus
608 3417 784 3502 negotiu,
816 3403 960 3498 &nihil
983 3402 1123 3476 interfit

11 3487 13 3622 i
54 3509 100 3588 ue
120 3510 224 3582 cultu
235 3503 312 3598 ejus
325 3506 420 3595 depe
436 3519 665 3600 contemptu:
691 3501 837 3578 Etsicut
853 3504 897 3580 de
910 3515 1123 3594 contemptu

52 3609 296 3700 nulla-pena,
305 3591 487 3848 w
504 3605 603 3678 cultu
621 3603 717 3680 nulla
736 3600 904 3696 speranda
915 3601 958 3674 sat
971 3619 1121 3679 merces.

53 3700 226 3782 solurius
247 3709 288 3776 ad

50 3831 88 3880 u
102 3808 140 3880 de
159 3803 357 3902 responsum.
410 3801 552 3880 Sentius
572 3813 672 3890 mim,
698 3807 809 3905 inquit
820 3853 832 3896 ,
851 3801 987 3900 spiritus
1007 3801 1123 3874 lucebit

108 3897 248 3984 ‘sirius-
270 3899 358 3978 Tm.
376 3905 404 3982 s.
635 3901 678 3982 li
1016 3922 1073 3970 uus

421 3722 491 3792 res,
513 3705 706 3800 presulatus
720 3703 997 3796 interrogationem
1009 3705 1126 3794 cogita·
1230 3743 1236 3750 ·
