2572 4332
6 235 14 254 ¹
146 177 1167 304 Andraemoneanvai'susoaairs.'127

76 387 165 467 que
180 367 387 464 disciplinae:
406 365 469 447 vel
485 367 818 461 curdcilliutpares
831 366 944 442 nostri
956 386 1170 466 nonurgen·
1263 422 1266 428 ,

76 479 149 547 tut
177 469 222 542 ad
242 467 385 561 officia,
405 487 497 560 ·quae
515 487 584 540 nos
603 487 682 540 non
704 470 882 542 obeuntes
899 466 1166 562 periclitamur?

75 571 173 667 quis
190 570 285 644 enim
303 565 557 663 philosophum
573 564 792 661 sacrificare,
818 581 880 640 auu
899 570 1081 662 dejerare,
1109 583 1171 644 aut

74 673 260 747 lucernas
276 665 424 742 meridie
441 687 552 740 vanas
567 667 783 760 prostituere
804 667 1023 762 compellit?
1057 671 1172 766 Quin·
1256 755 1262 774 .

75 765 207 848 immo
224 768 361 842 &deos
378 765 519 840 vestros
538 767 652 860 palam
675 767 878 862 destruunt,
905 767 941 840 tr
954 767 1171 862 superstitio-

76 891 154 948 nes
179 865 315 942 vestras
336 867 602 940 commentariis
621 887 766 960 quoque
782 865 966 960 accusant,
999 869 1171 944 laudanti·
1280 913 1284 926 ι

74 973 156 1047 bus
186 968 308 1042 vobis.
357 965 521 1060 Plerique
545 966 651 1040 etiam
672 967 710 1038 in
729 967 908 1061 principes
925 967 1056 1042 latrant
1077 967 1172 1044 susti·
1204 1020 1206 1031 ·

78 1068 267 1148 nentibus
283 1065 402 1140 vobis.
456 1065 505 1138 Et
524 1065 660 1140 facilius
674 1067 844 1140 llatttis&
861 1064 991 1141 salariis
1009 1089 1171 1144 remune-
1199 1117 1202 1122 ι

75 1179 241 1262 sanctu,
268 1185 371 1260 quam
392 1165 435 1239 ad
451 1164 579 1240 bestias
599 1169 889 1260 pronuntiantur.
940 1167 1011 1241 Sed
1027 1172 1170 1245 merito.

79 1265 303 1368 philosophi
324 1267 418 1340 enim
438 1285 516 1339 non
541 1263 726 1340 Christiani
746 1267 1056 1366 cognominantur.
1092 1269 1172 1343 No-

78 1377 177 1446 men
199 1369 273 1441 hoc
285 1361 587 1460 Philosophorum
604 1365 778 1440 daemonia
792 1387 868 1441 non
884 1367 994 1466 lugat.
1024 1367 1173 1462 quidni?

73 1489 209 1566 ¹quum
232 1463 425 1541 secundum
450 1466 539 1540 deos
560 1465 766 1560 philosophi
783 1467 961 1541 daemonas
985 1469 1171 1563 deputent.

80 1567 258 1644 Socratis
275 1586 354 1639 vox
372 1563 445 1661 est,
477 1563 514 1638 si
534 1563 747 1640 daemonium
767 1569 962 1661 permittat.
1013 1569 1113 1643 Idem
1138 1565 1182 1644 dt

74 1661 208 1762 'quum
224 1665 356 1758 aliquid
368 1663 412 1739 de
428 1665 583 1739 veritate
593 1661 770 1761 sapiebat,
799 1667 888 1740 deos
904 1687 1060 1764 negans,
1084 1667 1173 1743 Aes·

87 1767 244 1860 culapio
260 1777 378 1838 tamen
395 1765 628 1862 gallinaceum
646 1763 827 1860 prosecari
839 1767 912 1860 jam
925 1768 963 1840 in
979 1765 1052 1842 fine
1068 1771 1173 1864 jube·

87 1869 169 1943 bat.
226 1861 347 1939 Credo
365 1865 415 1939 oli
434 1867 614 1940 honorem
628 1867 739 1959 patris
758 1865 855 1960 ejus,
882 1865 964 1960 quia
984 1867 1172 1944 Socratem

87 1963 240 2062 Apollo
274 1961 555 2060 sapientilllmum
579 1965 741 2040 omnium
773 1967 915 2044 cecinit.
970 1963 1173 2063 OApolll·
1261 1985 1266 1994 ·

88 2083 180 2142 nem
199 2063 518 2140 inconfideratum:
544 2065 721 2160 sapientiae
744 2065 987 2142 telh‘monium
1015 2069 1172 2144 reddidit

89 2170 124 2242 ei
152 2165 267 2259 viro,
292 2165 353 2258 qui
373 2166 524 2263 negabat
551 2165 639 2238 deos
662 2163 741 2241 else.
792 2165 833 2240 ln
856 2181 1027 2262 quantum
1049 2171 1174 2247 odium

44 2325 48 2334 ,
88 2263 226 2364 flagrat
249 2265 407 2359 veritas,
441 2267 478 2340 in
504 2277 643 2338 tantum
664 2266 721 2358 qui
748 2285 826 2339 eam
846 2287 890 2339 ex
914 2265 986 2341 lide
1011 2269 1172 2364 praestat,

89 2363 266 2440 offendit.
317 2365 392 2468 Qui
411 2378 534 2439 autern¹
544 2363 721 2438 adulterat
737 2362 771 2438 dc
789 2363 949 2460 affcdiat,
975 2367 1050 2442 hoc
1065 2369 1175 2444 maxi·

87 2487 152 2542 me
167 2463 319 2540 nomine
334 2465 480 2562 gratiam
496 2465 620 2562 pangit
634 2462 729 2557 apud
742 2463 969 2540 infestatores
988 2469 1174 2564 veritatis3

79 2559 166 2660 'qua
187 2561 227 2639 dc
249 2563 411 2637 illusores
430 2563 464 2636 dc
482 2577 742 2638 contemtores.
793 2559 942 2639 Mimice
968 2566 1174 2663 philosophi

92 2661 270 2740 affettant
296 2663 514 2757 veritatem,
546 2659 805 2738 &affedando
837 2671 1098 2762 corumpatur,
1131 2685 1175 2745 ut

92 2765 157 2858 qui
181 2761 335 2862 gloriam
357 2775 512 2858 captant.
574 2759 762 2836 Christiani
795 2785 872 2838 eam
897 2765 1091 2842 necessario
1115 2789 1174 2864 ap-

91 2877 250 2960 petunt,
277 2863 467 2960 &integre
478 2859 667 2958 prestant,
693 2877 735 2936 ut
753 2863 812 2957 qui
831 2861 931 2938 saluti
950 2865 1016 2940 suae
1033 2883 1173 2964 curant,

83 2963 191 3062 ¹adeo
205 2985 327 3058 neque
342 2961 553 3057 descientia,
570 2983 688 3058 neque
704 2963 748 3037 de
764 2963 957 3064 disciplina,
970 2971 1173 3063 deputatis,

95 3083 289 3156 aquamur.
357 3063 456 3164 Quid
476 3063 569 3138 cnim
587 3059 723 3136 Thales
744 3065 804 3136 ille
820 3067 987 3162 princeps
1010 3069 1174 3160 phisico-

94 3161 375 3238 cumsciscitanti
390 3159 511 3236 Crtcso
522 3161 566 3236 de
578 3161 767 3235 diuinitate
779 3177 916 3238 certtutr
929 3168 1173 3262 renunciavit,

30 3303 35 3313 ·
96 3277 322 3338 commeatus
343 3263 564 3338 deliberandi
583 3257 672 3354 saepe
691 3259 875 3337 frustratus
891 3263 909 3338 ‘l
936 3260 1174 3358 Deumquili-

95 3357 164 3434 bet
179 3361 305 3458 opifex
324 3361 539 3440 Christianus
554 3361 587 3438 tr
602 3361 767 3456 inuenit,
796 3361 829 3435 dt
854 3361 1031 3458 ostendit,
1059 3367 1094 3437 tt
1114 3365 1174 3440 ci·
1222 3389 1227 3404 ·

98 3459 184 3534 inde
200 3475 321 3544 toturn
334 3462 466 3556 quoda
479 3461 564 3534 Dco
585 3461 774 3558 quaeritur,
791 3483 834 3535 re
848 3485 994 3558 quoquc
1012 3466 1175 3560 affiguratt

84 3555 186 3632 'licet
207 3559 312 3637 Plato
332 3559 481 3634 affirmet
498 3559 738 3636 fastitatorcm
761 3561 1031 3658 curvaturis,
1056 3589 1175 3661 neque

100 3655 259 3734 inveniri
275 3661 443 3754 facilem,¹
481 3659 515 3734 dc
532 3661 721 3734 inventum
740 3665 893 3744 enarrari
915 3665 952 3738 ln
969 3683 1094 3740 omnes
1111 3665 1175 3740 dis-

91 3749 243 3838 'licilem
296 3761 514 3836 Caeterumll
534 3762 579 3834 de
601 3761 1064 3856 pudicitia'provocemus,
1090 3769 1175 3857 lego

101 3857 584 3958 partem'sententiaedtticae
599 3860 636 3936 in
649 3859 857 3936 Socratem:
883 3879 1078 4036 corrupcpr
1092 3868 1176 3940 ado·

995 3965 1030 4038 le
1046 3986 1128 4038 cen·

131 4201 134 4208 ¹
268 4191 283 4230 ἱ
