2582 4322
145 167 393 234 assensus
412 143 750 241 Marcrosrru.
777 147 877 230 er.
902 112 970 232 111ss
1016 179 1088 256 403

58 309 289 408 maligno.
333 307 418 387 Hoc
434 307 616 406 lignum&
633 309 828 390 Hieremias
846 309 1091 412 tririirrsmuat,
1210 296 1219 320 '

58 407 172 484 imma
191 409 381 504 predicans
396 399 531 502 judaeis.
581 410 717 484 Venite
736 411 930 504 injicimus
947 413 1093 508 lignum

60 509 209 604 'npanem
224 508 325 602 elus,
350 509 473 600 utique
493 507 531 592 in
550 527 696 602 corpus.
746 510 804 584 Sic
824 510 919 586 enim
933 509 1035 594 Deus
1052 513 1093 590 in

60 607 214 704 euangelio
242 627 386 700 quoque
415 603 536 680 vestro
563 607 765 702 revelavit,
800 629 926 704 patrem
956 629 1093 706 corpus

60 699 133 780 inum
144 708 330 800 appellans,
347 719 389 778 ut
403 705 437 778 δι
454 706 620 800 hincjam
635 727 716 784 eum
733 708 907 805 intelligas
923 711 1094 804 corporis

59 799 238 904 nfignnnr
252 805 350 898 panis
368 801 516 894 dediile,
536 805 635 898 cujus
648 819 748 880 retro
764 827 895 900 corpus
908 809 945 882 in
961 827 1094 902 panem

60 905 220 996 prophetes
240 899 429 1000 figuravit,
453 900 530 1000 ipso
559 904 706 979 domino
733 905 805 980 hoc
835 901 1091 1006 sacramentum

59 999 444 1096 poileainterpretaturo.
473 1002 505 1074 Si
516 1000 630 1076 adhuc
644 1005 766 1094 qnaeris
776 1005 961 1080 dominice
971 1008 1090 1082 crucis

59 1100 333 1195 predicationem,
356 1097 436 1174 satis
454 1099 525 1194 jam
544 1101 610 1174 tibi
627 1102 746 1196 potest
769 1101 887 1194 facere
902 1104 1090 1201 vigesrmut

59 1195 160 1290 prinus
176 1195 324 1294 psalmus
339 1213 453 1272 totam
465 1195 591 1274 Christi
604 1204 793 1276 continens
807 1202 1017 1300 paffionem,
1032 1225 1091 1280 ca·
1187 1285 1190 1292 ,

58 1299 220 1392 merjam
234 1296 601 1394 tuncgloriamsuam:
626 1298 811 1394 foderunt,
826 1303 954 1398 inquit,
964 1319 1094 1384 manus

58 1413 145 1490 neas,
169 1397 202 1471 iit
217 1397 347 1492 pedes,
373 1419 449 1489 quae
465 1399 610 1496 propria
624 1401 761 1472 nuncia
776 1404 902 1477 crucis.
946 1397 997 1477 Et
1012 1423 1093 1478 rur·

59 1487 185 1570 iseum
207 1497 375 1570 auxilium
398 1499 506 1591 patris
531 1497 718 1590 implorat:
747 1497 916 1592 Salvtun,
949 1500 1090 1598 inquit,
1150 1558 1152 1566 .

57 1587 96 1664 itt
109 1615 159 1668 rne
173 1615 217 1668 ex
234 1615 303 1668 ore
319 1597 456 1688 leonis,
483 1598 605 1687 utique
621 1597 770 1686 mortis,
798 1595 832 1670 δι
851 1598 896 1670 de
918 1599 1096 1678 cornibus,

57 1691 207 1768 unicornis
224 1695 480 1786 humilitatem,
504 1694 549 1768 de
564 1695 721 1786 apicibus
737 1691 870 1768 scilicet
885 1695 1021 1792 erneis,
1044 1709 1090 1774 ut

57 1783 131 1880 snpra
144 1791 369 1868 ostendimus.
421 1795 535 1888 Quam
555 1813 696 1866 caruem
707 1814 776 1866 nec
793 1791 865 1888 ipse
879 1793 999 1870 David
1014 1793 1090 1890 pas·

57 1881 94 1958 tn
107 1889 173 1986 est,
196 1913 268 1966 nec
284 1895 376 1965 ullus
394 1913 457 1966 tex
473 1889 695 1986 iudeorum,
722 1915 768 1966 ne
787 1907 890 1986 putes
916 1896 1089 1992 alterius,

56 1985 197 2085 tlicujus,
224 1993 285 2086 qui
307 1987 400 2064 solus
419 1992 591 2084 apopulo
608 2007 679 2066 tam
695 1991 873 2088 insigniter
897 1989 1090 2070 crucifixus

56 2081 98 2159 cll.
139 2087 248 2180 Nunc,
265 2089 335 2163 &li
352 2111 476 2178 omnes
492 2086 570 2164 istas
587 2090 902 2184 interpretationes
916 2089 1092 2185 respuerit
1122 2134 1133 2148 ι

55 2179 231 2264 &irriserit
255 2188 423 2262 haeretica
446 2187 598 2282 duritia,
635 2189 830 2264 concedam
851 2191 927 2290 illi,
956 2192 1091 2290 nullam

55 2275 152 2358 Orelli
174 2309 319 2362 crucem
344 2281 567 2383 significatam
587 2309 607 2374 a
630 2302 814 2360 creatore:
844 2290 928 2381 quia
952 2308 1021 2362 nec
1041 2307 1091 2366 tx

54 2375 105 2454 loe
114 2389 282 2479 probabit
293 2387 398 2460 aliurn
412 2383 504 2479 elie,
530 2385 589 2477 qui
610 2381 798 2458 crucifixus
815 2385 884 2478 est,
911 2386 973 2460 nili
989 2385 1091 2460 forte

54 2473 241 2580 ostenderit,
266 2487 362 2560 hunt
381 2485 515 2558 exitum
529 2483 640 2577 eJusa
655 2481 717 2556 suo
735 2483 820 2557 Deo
838 2482 1090 2580 predicatum,

50 2581 260 2660 ttdirersrtas
275 2583 487 2678 pellionum,
510 2603 551 2655 ac
567 2602 630 2678 per
642 2581 715 2656 hoc
726 2584 830 2656 etiam
843 2581 1093 2676 personarum,

52 2695 84 2748 er
98 2679 296 2758 ffiverfimte
313 2683 600 2776 predicationum
626 2679 839 2756 vinciretur.
891 2679 1094 2778 Ceterum,¹

50 2777 179 2874 recipio
196 2779 341 2858 Christo
363 2781 437 2874 ejus
456 2781 669 2875 predicato,
693 2779 824 2854 nedum
841 2801 947 2854 crure
960 2783 1089 2882 ipsius,

51 2868 197 2954 iaffintin
211 2903 333 2956 meum
350 2879 525 2956 Christum
542 2877 648 2953 solius
667 2879 792 2953 mortis
808 2883 1016 2974 prophetia:
1040 2901 1092 2960 ex

49 2967 224 3075 lotenim,
252 2978 351 3072 quod
367 3001 442 3051 non
458 2978 510 3052 est
523 2977 618 3054 edita
631 2979 778 3071 qualitas
792 2979 940 3072 mortis,
965 2980 1090 3072 potuit

50 3067 73 3142 it
87 3097 145 3172 per
173 3101 324 3156 crucem
347 3073 523 3170 eveoiffe,
548 3089 637 3150 tunc
668 3077 973 3174 aliidcputanda,
1000 3079 1024 3154 ii
1049 3076 1091 3154 in

48 3171 128 3253 mum
151 3177 276 3254 frtill'et
299 3177 546 3271 praedicatum:
581 3173 645 3248 rrili
668 3172 694 3250 fi
718 3197 786 3250 nec
808 3189 962 3250 mortem
985 3177 1092 3250 volet

50 3263 147 3352 Christi
172 3280 248 3354 mei
272 3277 549 3370 prophetatam,
586 3295 659 3366 quo
681 3275 791 3370 magis
814 3271 1021 3368 erubescat,
1061 3275 1091 3352 st

47 3362 121 3448 suum
145 3377 294 3470 quidem
320 3372 495 3450 Christum
521 3385 703 3448 mortuum
727 3373 940 3465 annunciat,
982 3391 1091 3464 quem

46 3483 128 3642 &at
150 3490 299 3550 natum:
336 3494 454 3550 meum
479 3489 573 3546 vero
606 3471 794 3548 mortalem
820 3483 947 3568 negat,
983 3491 1092 3562 quem

85 3573 224 3651 cibilem
255 3564 462 3646 confitetur.
514 3569 563 3642 Et
576 3585 729 3644 mortem
748 3585 865 3644 autem
888 3569 923 3641 δι
937 3565 971 3642 se
996 3571 1092 3644 ultu-

45 3679 97 3759 lcn
122 3673 155 3748 δι
181 3669 483 3747 resurrectionem
504 3663 631 3742 Christi
656 3669 726 3744 mei
757 3689 827 3744 una
856 3687 951 3742 voce
1015 3667 1094 3744 salae

44 3767 112 3850 llio
136 3769 363 3864 ostendere,
385 3768 563 3944 dicengs,
587 3764 767 3864 sepultura
795 3767 870 3862 ejus
891 3765 1026 3942 subladup
1044 3769 1094 3844 de

533 3883 602 3944 Η
834 3889 838 3896 “
921 3885 980 3947 me
1017 3885 1043 3944 0
