2572 4332
146 167 212 268 ias
290 161 339 266 Q.
362 157 500 258 sarr.
525 155 670 240 Fron.
693 157 1086 256 Terruerunt,

41 407 45 424 Ι
140 321 349 398 lescentium
369 303 634 417 pronuntiatur.
685 320 817 400 Sexum
835 341 904 398 nec
924 321 1120 400 femineum
1141 297 1231 403 mu.

140 435 197 496 tat
216 415 444 497 Christianus.
493 419 598 496 Novi
622 419 846 516 &Phrynen
869 425 1099 500 meretricem
1123 421 1230 514 Dio·

139 518 371 620 .genis.supra
396 520 600 598 recubantis
624 519 743 596 ardori
769 515 988 598 subantem'
1027 519 1154 606 Audio
1189 525 1230 599 dt

140 621 320 714 quendam
338 620 569 716 Speusippum
590 622 634 695 de
650 621 810 696 Platonis
832 617 953 696 schola
975 603 1011 697 in
1036 621 1226 702 adulterio

14 794 18 804 ,
169 717 292 796 eriiise.
344 717 561 794 Christianus
571 721 678 796 uxori
692 717 759 794 suae
778 719 842 796 soli
857 715 1030 796 masenius
1047 720 1225 800 nascitur.

140 743 375 894 hemocritus
402 821 615 911 excaecando
637 811 885 916 semetipsum,
920 809 1019 914 duod
1044 825 1225 900 mulieres

140 920 215 996 stne
237 913 528 1012 concupiscentia
545 915 700 1013 aspicere
723 941 799 993 non
817 917 959 1014 pollet,
994 919 1223 1018 redoleret,

139 1019 259 1094 sinon
274 1015 522 1112 essetpotitus‚
542 1021 843 1100 incontinentiam
860 1019 1114 1094 emendatione
1131 1043 1227 1116 pro·

140 1111 274 1194 fitettu.
323 1115 387 1190 'At
407 1115 622 1192 Christianus
641 1117 745 1194 salvis
771 1121 885 1192 oculis
908 1113 1075 1200 feminam
1089 1121 1223 1216 videt,

140 1219 263 1294 auimo
281 1217 447 1292 adversus
463 1219 646 1293 libidinem
664 1239 778 1294 cecus
791 1217 855 1293 'elh
912 1219 949 1291 Si
965 1221 1013 1291 de
1031 1217 1222 1312 probitate
1271 1265 1272 1272 κ

140 1315 351 1409 defendam,
378 1339 464 1390 ecce
481 1318 666 1392 lutulentis
678 1317 828 1413 pedibus
843 1315 1026 1416 Diogenes
1040 1317 1221 1418 superbos

138 1417 301 1494 Platonis
317 1429 422 1489 toros
439 1415 504 1490 alia
526 1413 688 1512 superbia
704 1416 889 1492 deculcat:
915 1415 1134 1495 Christianus
1147 1417 1222 1496 nec

138 1517 177 1590 in
194 1535 389 1609 pauperem
403 1511 570 1611 superbit.
628 1517 669 1592 Si·
685 1517 730 1592 de
746 1515 920 1592 modestia
938 1528 1098 1612 certem,
1127 1539 1221 1596 ecce

139 1613 363 1712 Pythagoras
381 1616 476 1714 apud
491 1613 679 1718 Thurios,
703 1617 807 1693 Zeno
825 1617 917 1710 apud
934 1615 1140 1692 Prienenses
1159 1635 1218 1714 ty·

138 1715 324 1792 rannidem
340 1713 533 1792 affeeant:
557 1715 775 1808 Christianus
789 1715 887 1792 ‘vero
906 1737 975 1792 nec
996 1717 1216 1796 aedilrtatem.

139 1807 177 1888 Si
197 1815 241 1888 de
258 1815 363 1890 annui
382 1818 548 1910 aequitate
566 1817 797 1914 congrediar,
822 1818 1011 1914 Lycurgus
1026 1833 1216 1909 apocarte-

86 1913 94 1940 ¹
138 1915 230 1988 reim
246 1913 412 2008 optavit;
439 1913 538 2010 quod
553 1917 651 2012 leges
671 1917 746 2010 ejus
763 1917 928 1990 Lacones
947 1915 1214 1992 emendassent:

140 2012 356 2088 Christianus
383 2013 491 2088 etiam
516 2015 699 2098 danmatus
717 2015 845 2112 gratias
873 2018 954 2112 agit.
1005 2015 1042 2088 Si
1068 2015 1112 2090 de
1140 2013 1215 2092 fide

15 2139 16 2142 ¹
140 2132 376 2209 comparem,
406 2113 637 2210 Anaxagoras
657 2113 857 2209 depositum
873 2113 1036 2190 hostibus
1056 2115 1212 2214 denega·

139 2214 220 2286 vit:
255 2209 470 2288 Christianus
496 2214 603 2290 etiam
624 2228 727 2290 extra
740 2211 862 2290 ndens
883 2230 1052 2290 vocatur.
1112 2210 1149 2288 Si
1169 2217 1215 2290 de

43 2313 47 2322 '
135 2311 360 2408 simplicitate
387 2311 598 2407 consistam,
629 2311 848 2392 Aristoteles
872 2313 1081 2388 familiarem
1112 2313 1213 2394 strum

137 2409 322 2488 Hermiam
345 2414 500 2506 turpiter
527 2415 616 2488 loco
642 2415 820 2490 excedere
845 2411 954 2488 feeit:
994 2411 1211 2500 Christianus

136 2533 208 2588 nec
224 2512 407 2588 inimicum
422 2510 521 2588 suum
536 2513 642 2589 ledit.
689 2515 793 2588 idem
813 2511 1026 2598 Aristoteles
1044 2529 1117 2586 tarn
1136 2527 1210 2588 tur·

17 2660 20 2671 «
136 2611 232 2706 piter
252 2609 463 2688 Alexandro
479 2613 641 2714 regendo
656 2613 779 2711 potius
801 2613 984 2706 addatur,
1012 2635 1116 2706 quam
1134 2613 1210 2688 Pla·

137 2723 180 2784 to
201 2709 381 2804 Dionysio
399 2713 537 2786 ventris
554 2715 666 2808 gratia
685 2713 903 2787 venditatur.
953 2711 1155 2808 Aristippus
1172 2714 1210 2788 in

58 2865 65 2888 2
163 2807 370 2903 urpurasub
385 2831 512 2910 magna
525 2813 711 2908 gravitatis
734 2807 920 2908 superficie
940 2825 1147 2906 nepotatur.
1174 2813 1209 2888 dt

136 2831 1206 3088 ieras

170 3109 267 3182 'anus
285 3111 453 3186 tentavit
504 3109 574 3184 Sed
591 3111 687 3186 dicet
703 3037 856 3206 haqes,
881 3033 1053 3188 etiaque
1075 3111 1203 3187 nostris

70 3297 74 3306 ‚
132 3209 314 3286 excedere
335 3205 505 3302 quosdam
523 3231 543 3284 a
558 3213 680 3308 regula
697 3211 912 3304 disciplinae,
945 3209 1108 3284 deinum
1128 3225 1203 3287 tum

137 3305 325 3384 Christiani
342 3307 464 3384 haberi
477 3329 588 3404 penes
611 3333 702 3406 nos,
728 3309 932 3406 philosophi
952 3304 1045 3386 v'ero
1059 3309 1111 3384 illi
1125 3329 1204 3390 curu

135 3407 267 3482 talibus
291 3407 390 3482 fastis
414 3405 622 3497 innomine
647 3413 681 3486 da
705 3412 742 3485 in
759 3411 904 3486 honore
921 3407 1099 3504 sipientiae
1113 3409 1205 3504 apud
1271 3493 1272 3496 g

135 3525 208 3580 vos
233 3503 473 3601 perseverant.
521 3509 637 3615 ,Quid
660 3509 751 3586 adeo
777 3508 885 3585 simile
910 3507 1143 3605 philosophus
1169 3509 1203 3605 dr

137 3601 376 3703 Christianus,
404 3607 549 3684 Gracia
571 3605 759 3704 discipulus
782 3609 942 3704 detuli,
974 3606 1077 3687 fana
1093 3627 1200 3708 nego·

136 3703 254 3780 tiator
271 3707 307 3786 dr
324 3703 447 3788 vitai
471 3708 671 3788 verborum
688 3709 723 3786 δι
740 3707 916 3788 fastorum
934 3709 1136 3807 operatori
1167 3708 1222 3792 dc.

137 3844 146 3862 ν
1015 3827 1153 3890 terum
