2572 4332
917 2 1034 9 -q———m
1077 4 1186 10 ‚-——

198 181 202 188 ’
351 185 1042 312 'Bumodus-araim?
1139 203 1198 312 49

81 381 84 412 ¹
116 361 239 442 Etiam
253 363 376 442 strena
391 367 596 464 captanda,
625 369 1189 468 &septuuondum,dtbrl1ma,

81 477 97 572 l,
119 465 258 542 &carae
274 471 500 564 cognationis
518 469 712 546 honoraria
728 472 901 572 exigenda
922 473 1062 564 omnia,
1089 471 1193 546 dorm

81 589 82 602 ¹
116 566 251 646 scholas
270 567 497 648 coronandae.
551 567 803 646 Flaminica&
827 573 944 646 aediles
970 567 1194 662 sacrificant,

81 703 82 718 ι
118 669 248 740 creatis
267 669 389 742 schola
403 667 606 749 honoratur
622 670 731 750 feriis.
782 669 880 747 Idem
897 669 940 744 fit
954 672 1043 746 idoli
1057 671 1192 768 natali,

80 767 81 818 l
116 767 236 842 omns
260 769 393 842 diaboli
413 791 547 867 pompa
569 767 826 884 frequqrtatur.
885 773 977 874 Quis
996 772 1072 846 lraec
1090 791 1192 846 com·

80 899 82 916 »
114 869 245 964 petere
261 867 468 944 Christiano
483 867 713 964 existimabit,
740 872 801 946 nid
815 871 876 965 qui
888 873 1032 966 putabit
1052 887 1192 966 convo·

80 1007 81 1014 κ
114 965 193 1050 nire
205 969 315 1044 etiam
328 991 403 1044 non
416 969 607 1068 magistro?
633 971 770 1046 Scimus
788 973 857 1046 dici
869 965 996 1066 polle,
1028 969 1064 1043 Si
1080 971 1192 1046 dote·

79 1081 81 1114 l
115 1060 154 1140 re
170 1069 310 1142 litteras
322 1067 394 1144 Dei
411 1065 526 1146 'servis
542 1091 618 1145 non
637 1073 752 1164 licat,
787 1073 894 1148 etiam
915 1093 985 1145 nec
1001 1069 1133 1146 discere
1147 1071 1201 1144 lia·

79 1193 80 1196 ¹
115 1167 229 1246 cebit.
282 1167 333 1242 Et
351 1171 538 1264 quomodo
553 1171 629 1264 quis
649 1170 892 1246 institueretur
904 1171 949 1246 ad
963 1171 1190 1267 prudentiam

79 1289 80 1304 ¹
114 1267 260 1345 interim
285 1269 500 1360 humanam,
533 1273 594 1348 vol
621 1269 664 1346 ad
696 1291 946 1364 quemcunque
970 1269 1103 1346 sensum
1126 1261 1191 1348 ves

115 1365 256 1464 aslum,
284 1389 366 1446 cum
383 1367 655 1446 instrumentum
671 1371 715 1446 srt
735 1372 779 1446 ad
796 1393 940 1446 omnem
962 1371 1076 1446 uitam
1093 1371 1190 1444 litto·

78 1485 80 1580 J
114 1467 261 1544 saturei
288 1471 489 1572 Quomodo
517 1471 744 1570 repudiamus
764 1469 934 1548 secularia
950 1467 1091 1565 studia,
1111 1469 1190 1544 sms

115 1571 245 1662 quibus
263 1569 385 1650 dvina
405 1591 481 1648 non
502 1569 658 1670 possunt
711 1571 903 1648 Videamus
920 1572 1029 1667 igitur
1045 1569 1189 1645 necelli·

78 1687 80 1708 ¹
114 1678 228 1744 tatem
252 1669 476 1746 litteratoria
500 1657 732 1767 eruditionis,
762 1673 988 1766 respiciamus
1014 1691 1060 1745 ex
1085 1671 1190 1765 parts

77 1803 79 1836 r
115 1787 194 1842 eam
215 1767 352 1846 admitti
368 1769 581 1866 nonpolsa',
608 1793 653 1845 ex
669 1773 916 1868 partevitari,
941 1767 1066 1846 fideles
1077 1769 1188 1866 magis

77 1887 79 1914 ³
115 1865 252 1944 discere
267 1891 368 1961 quam
383 1871 518 1946 docere
533 1871 668 1947 litteras
688 1875 794 1968 capit
845 1867 1000 1946 Diversa
1024 1867 1075 1944 est
1093 1869 1188 1946 enim

77 1989 78 2018 Ν
112 1969 209 2042 ratio
235 1969 386 2044 discendi
410 1971 444 2046 dt
468 1973 633 2048 docendi.
697 1969 735 2046 Si
756 1969 870 2048 fidelis
896 1973 1032 2045 litteras
1054 1971 1191 2045 doceat

77 2073 79 2124 l
113 2067 261 2144 insertas
281 2071 462 2148 idolorum
478 2071 759 2168 predicatione,
792 2072 865 2148 line
883 2071 995 2146 dubio
1014 2071 1098 2145 dum
1122 2069 1188 2144 do·

76 2179 79 2246 l
114 2179 200 2264 cet,
227 2172 482 2250 commendat:
513 2171 597 2247 dum
621 2171 750 2268 tradit,
776 2171 943 2248 affirmat:
979 2170 1064 2246 dum
1088 2175 1189 2244 com·

76 2277 77 2314 ³
113 2285 313 2360 memorat,
337 2269 576 2348 testimonium
598 2261 704 2349 dicit:
723 2293 728 2308 ·
748 2271 850 2348 Deos
867 2269 962 2368 ipsos
981 2269 1057 2346 boc
1072 2267 1191 2344 nomi·

76 2409 77 2430 r
114 2385 160 2444 ne
185 2369 372 2468 obsignat,
399 2391 482 2454 cum
504 2373 562 2446 lex
587 2373 780 2468 prohibeat
805 2371 869 2470 (ut
893 2367 1068 2470 diximus)
1096 2367 1189 2442 deos

76 2493 78 2506 >
115 2473 360 2564 pronuntiari,
388 2471 573 2547 &nomen
588 2473 660 2546 hoc
679 2475 716 2546 in
736 2493 833 2548 vano
849 2471 1035 2546 collocari.
1089 2465 1195 2543 Hinc

76 2595 78 2618 f
115 2569 224 2676 prima
246 2569 395 2644 diabolo
421 2568 509 2646 fides
535 2569 731 2646 aedilicatur
756 2571 801 2646 ab
826 2573 935 2645 initiis
961 2567 1187 2654 eruditionis,

76 2685 77 2728 i
117 2669 244 2770 Quare
276 2687 321 2744 m
342 2671 834 2766 idololatriamcommittat,
861 2672 921 2764 qui
940 2670 985 2744 de
1004 2669 1187 2742 idolisca·

76 2789 78 2822 a
115 2769 283 2846 techizat.
337 2768 390 2843 At
406 2773 488 2846 cirm
509 2765 624 2844 fidelis
639 2773 715 2846 haec
731 2769 832 2849 discit
845 2793 860 2862 ς
874 2793 878 2798 ·
892 2769 918 2846 sr
933 2771 1007 2864 jam
1024 2767 1113 2863 sapit
1125 2767 1188 2860 qul

76 2903 78 2910 v
102 2864 174 2964 dt,
196 2891 318 2962 neque
341 2871 494 2964 recipit,
526 2889 645 2964 neque
670 2871 849 2965 adnuttit,
882 2871 999 2957 multo
1018 2871 1082 2945 lna
1106 2869 1134 2941 is
1159 2863 1188 2954 li

116 2965 244 3046 dudum
265 2968 363 3064 sapit.
395 2965 492 3086 ‘Aut
515 2969 578 3088 ubi
604 2962 923 3090 emperitslapere,
950 2961 1049 3064 p‘rius'
1075 2890 1186 3042 sciat

115 3062 1186 3264 llllllllllislebldtlllflabltllut;

117 3287 216 3360 quam
234 3271 296 3362 qui
310 3267 422 3344 sciens
441 3291 622 3346 venenum
640 3271 684 3343 ab
705 3271 831 3366 ignaro
853 3269 1014 3364 accipit,
1046 3283 1116 3341 nec
1134 3265 1190 3338 bi·

117 3363 178 3446 bit.
228 3367 326 3444 Huic
335 3367 521 3444 necellita's
530 3369 573 3444 ad
588 3365 855 3446 excusationem
870 3367 1084 3462 deputatur,
1102 3365 1187 3461 quis

76 3539 77 3542 ,
118 3467 215 3541 aliter
234 3467 368 3544 discere
389 3489 468 3542 non
493 3465 624 3563 potest.
674 3461 801 3544 Tanto
828 3483 947 3546 autem
972 3465 1109 3540 facilius
1133 3459 1187 3543 est

114 3565 249 3642 litteras
265 3588 340 3646 non
357 3567 516 3662 docere,¹
538 3576 643 3662 quarn
658 3587 737 3651 non
751 3565 903 3662 discere,
930 3577 1067 3660 quanto
1080 3563 1117 3638 dc
1129 3580 1186 3636 ra·

119 3665 209 3758 liqua
227 3667 425 3761 scholarum
445 3667 489 3741 de
504 3669 658 3767 publicis
674 3685 718 3762 pr
788 3666 830 3746 iis
847 3663 1119 3744 solennitatibus
1132 3664 1186 3738 in·

122 3769 342 3858 adnnente
356 3765 494 3844 iambus
508 3754 738 3862 discipulusfi
762 3767 826 3847 elis
844 3785 921 3846 non
935 3761 1065 3860 adibit,
1079 3777 1188 3858 quam

76 3899 78 3922 i
121 3867 277 3966 magister
288 3867 644 3996 monfiequeutsbit
805 3887 808 3893 ·

1002 3981 1059 4042 ss.
1075 3911 1148 4038 De
1166 3906 1179 3919 ἡ

1185 4249 1202 4319 l
