2572 4332
148 153 197 244 1²
297 129 344 234 Q.
369 124 507 207 sarr.
531 123 677 210 stoa
701 115 1074 225 Terentianus
1115 197 1121 211 .

39 305 43 314 '
147 317 195 385 co
216 291 401 372 ostendam
415 289 571 384 proinde
582 287 713 384 despici
727 287 763 364 u
776 288 910 390 oegbgi
924 287 1101 366 &delitui
1117 307 1148 364 a
1161 305 1247 366 vo·

146 395 203 474 bis
225 389 391 468 adversus
414 391 592 482 malorum
612 385 871 466 audoritatenn
927 385 1040 464 Nunc
1063 391 1166 465 enim
1191 383 1246 473 ad

147 493 246 570 illam
270 491 502 566 occultorum
525 487 728 563 facinorum
760 485 942 566 infamiam
965 487 1244 586 respondebo,

147 606 192 672 ut
206 595 278 688 jam
294 591 377 664 inde
395 591 441 666 ad
457 586 700 664 manifestiora
719 609 878 685 pergam.
1131 667 1134 672 ,
1165 647 1173 654 .

175 687 178 696 “
226 715 259 785 7.
281 691 445 765 Dicimur
467 685 741 782 sceleratissnni,
775 687 820 764 de
839 687 1061 766 sacramento
1082 688 1245 764 infanti·

150 793 257 884 eidii,
294 789 483 884 &pabulo
508 787 614 881 inde3
638 787 691 862 ,u
712 785 796 884 post
816 787 1031 864 convivium
1057 787 1210 864 incesto
1223 841 1243 882 ,

151 893 252 988 quod
266 888 461 984 ⁴eversores
478 889 652 964 lunanum
672 909 800 980 canes,
835 886 989 964 lenones
1014 885 1244 974 scilicetne

99 1006 103 1014 ’
151 993 343 1072 nebrarum
360 989 395 1063 dc
412 987 600 1068 libidinum
618 987 805 1082 impiarum
820 985 1079 1063 inverecundia
1097 1009 1242 1084 procu·

149 1106 260 1188 rent,
295 1087 459 1164 Dicimur
479 1083 685 1167 tamensem
712 1108 772 1180 er,
798 1107 867 1162 nec
883 1107 953 1162 vos
967 1087 1067 1182 quod
1080 1099 1157 1164 tam
1172 1088 1242 1162 diu

152 1191 303 1266 dicimur
320 1207 445 1262 eruere
466 1187 608 1262 curatis.
692 1207 761 1282 rgo
780 1199 843 1260 aut
863 1187 1002 1280 utute,
1026 1185 1052 1262 ii
1067 1187 1239 1282 creditis,

56 1355 66 1364 ,
153 1303 217 1366 aut
236 1291 351 1364 nolite
371 1286 517 1362 credere
566 1284 627 1380 qui
648 1307 725 1364 non
739 1283 888 1364 erasistis.
916 1285 960 1362 de
982 1285 1101 1364 vestra
1118 1287 1239 1362 vobis

153 1387 428 1464 diiiimulatione
442 1339 702 1482 prescribitur,
724 1405 805 1490 ,uon
823 1384 915 1480 eise,
951 1385 1052 1479 quod
1076 1409 1148 1464 nec
1169 1385 1240 1483 ipfl

77 1481 85 1504 ⁸
153 1489 292 1564 audetis
312 1506 449 1562 eruere.
500 1485 629 1582 Longe
647 1485 744 1560 aliud
760 1505 886 1580 munus
902 1483 1060 1564 carnifici
1075 1487 1115 1566 in
1129 1485 1239 1562 Chri·

153 1587 287 1664 stianos
307 1585 508 1686 imperatis,
534 1605 612 1662 non
629 1598 672 1658 ut
690 1585 812 1660 dicant
827 1606 904 1678 quae
919 1585 1076 1682 faciunt,
1109 1583 1174 1664 sed
1193 1603 1241 1662 ut

153 1699 291 1784 negent
310 1686 409 1780 quod
428 1683 536 1760 sunt·
571 1683 705 1760 Census
727 1683 823 1760 istius
851 1677 1069 1780 discipline,
1099 1687 1242 1782 utiam

155 1787 353 1883 edidimus,
382 1784 569 1862 a·Tiberio
584 1784 656 1878 est,
682 1783 868 1860 ennodio
891 1783 942 1860 sui
965 1787 1075 1880 coepit
1088 1788 1240 1864 ueritas

155 1887 256 1965 fimul
275 1901 381 1978 atque
406 1885 569 1980 apparuit
589 1883 731 1970 inimioe
751 1883 833 1960 esse.
883 1882 964 1959 Tot
987 1883 1108 1962 hostes
1133 1887 1239 1984 ejus,

155 1999 250 2082 quot
270 1987 454 2074 extranei3
488 1983 683 2078 &quidem
705 1983 844 2080 proprii
859 2005 904 2058 ex
928 1985 1157 2064 emulatione
1175 1984 1240 2085 Ju-

10 2109 12 2114 ·
156 2085 246 2177 daei,
274 2107 320 2158 ex
337 2083 565 2158 concuffione
582 2084 737 2176 milites,
760 2105 807 2158 ex
823 2095 951 2161 nauus
968 2083 1031 2183 ipo
1045 2085 1155 2164 etiam
1172 2087 1242 2161 do·

156 2183 434 2262 mesticinostri.
491 2183 668 2288 Quotidie
682 2183 907 2278 obsidemur,
932 2185 1094 2278 quotidie
1112 2187 1239 2282 prodi·
1259 2217 1276 2252 ι

156 2281 261 2376 mur,
287 2287 324 2360 in
351 2285 431 2379 ipsrs
452 2285 643 2377 plurimum
659 2283 810 2360 coetibus
835 2283 1239 2383 &congregationibus

77 2389 81 2400 '
158 2385 289 2462 nostris
308 2384 553 2480 opprimimur.
584 2383 676 2488 Quis
695 2402 853 2474 unquam
870 2384 989 2458 taliter
1005 2385 1167 2484 vagienti
1184 2387 1240 2462 in·

158 2485 251 2562 santi
266 2482 499 2580 superveniri
525 2481 602 2578 quis
618 2496 819 2558 cruentant
830 2483 1242 2580 inueneratCyclopum

158 2585 197 2661 aa
210 2585 375 2662 Sirenum
389 2605 455 2658 ora
465 2581 576 2677 judici
590 2579 775 2658 reseravit.
827 2582 918 2682 Quis
934 2585 997 2659 vel
1011 2583 1240 2660 inuisoribus

160 2685 278 2777 aliqua
295 2683 477 2760 immunda
499 2681 645 2780 veruga
662 2681 923 2778 deprehendar
950 2685 1028 2780 quis
1049 2685 1134 2772 talia
1151 2685 1239 2764 faei-

159 2805 254 2858 nora
272 2804 354 2858 curn
368 2781 582 2875 invenisset„
610 2781 768 2858 celavit?
795 2797 857 2856 aut
872 2783 1036 2858 vendidit
1051 2781 1148 2880 ipsos
1169 2799 1240 2858 tra-

160 2885 251 2960 hens
272 2881 465 2957 homines?
493 2881 530 2955 Si
547 2879 683 2974 semper
699 2883 864 2974 latemus,
892 2883 1035 2976 quando
1054 2883 1242 2978 proditum

162 2981 236 3076 est,
272 2983 372 3076 quod
394 2978 636 3055 admittimus?
672 2980 751 3056 Imo
770 3003 790 3056 a
811 2983 938 3076 quibus
957 2983 1066 3078 prodi
1086 2983 1239 3079 potuit?
1274 3017 1276 3026 ·

162 3083 207 3160 ab
242 3083 320 3176 ipsis
345 3081 439 3158 enim
462 3081 533 3153 reis
567 3099 645 3154 non
678 3081 803 3176 utique
834 3103 918 3160 eum
947 3084 1014 3162 vel
1043 3105 1093 3162 ex
1121 3081 1244 3162 forma

79 3221 87 3228 -
147 3183 325 3258 ‘omnium
344 3180 600 3275 mysteriorum
618 3179 747 3255 silentii
769 3177 858 3256 fides
882 3181 1066 3258 debeatur.
1117 3181 1240 3262 Samo·
1274 3185 1276 3188 ’

147 3282 302 3364 ,thracia
325 3280 358 3356 dr
383 3279 558 3358 Eleusinia
585 3280 807 3372 reticentur3
839 3295 977 3376 quanto
999 3281 1109 3380 magis
1133 3283 1241 3380 talia,

10 3409 12 3446 ι
164 3403 244 3476 quae
261 3381 405 3476 prodita
421 3381 567 3458 interim
581 3379 688 3460 etiam
698 3381 886 3457 humanam
897 3381 1242 3462 animadversionem

125 3524 132 3541 ·
165 3483 442 3578 provocabunt,
470 3479 555 3556 dum
569 3479 876 3576 diuinaservatsu.
926 3479 966 3558 si
979 3502 1069 3578 ergo
1086 3503 1163 3558 non
1177 3481 1241 3578 ipfi

163 3579 374 3677 proditores
394 3577 467 3674 sui,
499 3577 658 3674 sequitu
679 3593 723 3654 ut
744 3581 927 3676 extranei,
954 3579 1103 3660 &unde
1124 3599 1241 3657 extra·

121 3677 127 3690 '
166 3679 247 3754 neis
255 3681 413 3758 notitia?
440 3677 665 3776 cumsemper
673 3679 781 3758 etiam
788 3681 1085 3776 piaeinitiationes
1098 3697 1245 3758 arceant

10 3867 12 3888 ξ
167 3777 347 3876 profanus
368 3781 405 3862 u
423 3781 467 3860 ab
491 3777 634 3858 arbitris
653 3794 832 3882 caveant,
877 3779 942 3858 nifi
956 3781 985 3857 fi
1001 3779 1106 3878 impii
1125 3781 1247 3886 minuan

10 3941 11 3948 ,
1120 3901 1192 3961 me·
