2598 4328
158 167 233 262 pso
341 165 389 264 Q,
414 159 541 240 Srrr.
564 160 698 238 Fron.
723 159 1054 244 Terrueurnrrr

158 327 238 420 tit,
262 324 300 400 dr·
314 324 411 417 quod
432 323 686 416 abundaverit,
712 345 787 400 non
807 323 940 413 sumet;
965 323 1114 400 foenoris
1129 322 1222 406 scili.

160 425 517 517 cetredundantiesn,
543 423 640 516 quod
660 423 711 498 est
724 421 837 500 usura.
887 423 986 498 Prius
1001 425 1109 522 igitur
1124 425 1218 524 fuit,
1282 517 1284 524 Α

158 537 203 600 ot
227 521 378 610 frustum
402 521 548 598 foenoris
576 524 792 616 eradicaret,
835 543 907 616 quo
933 523 1069 597 facilius
1097 523 1247 601 adsue·-

157 623 295 702 iaceret
308 623 510 715 hominem,
535 623 595 718 ipsr
609 643 753 715 quoque
767 621 922 715 sonori,
947 623 1111 716 fiforte,
1136 647 1219 720 per.

159 723 296 808 dendo,
323 724 423 814 cujus
439 719 591 796 frustum
606 721 775 796 didicisset
791 723 964 796 amittere.
1013 723 1116 797 Hanc
1141 739 1223 800 ete·

8 903 10 908 ,
158 825 232 900 nim
246 821 390 896 dicimus
407 835 552 916 operam
565 823 652 918 legis
666 816 786 915 suisse,
811 823 1034 914 procurantis
1051 821 1219 920 Evange.

158 921 237 1012 lio»,
263 923 484 1014 quorundam
509 932 596 994 tunc
614 919 721 996 fidem
739 923 905 1015 paulatin
917 966 935 1014 ,·
957 920 1000 993 ad
1020 921 1218 1014 persestum

158 1021 345 1113 discipline
368 1019 569 1096 Christianae
593 1021 749 1094 nitorem
772 1021 890 1122 primis
919 1018 1110 1112 quousque
1128 1041 1220 1116 pres

158 1121 272 1214 teptis
311 1121 540 1198 balbutientis
574 1121 688 1196 adhuc
721 1121 947 1215 benignitatis
986 1119 1215 1200 informabat.

94 1239 97 1258 ·
157 1218 254 1296 Nam
287 1219 321 1292 dc
355 1219 479 1313 supra,
518 1219 553 1292 dr
590 1219 739 1314 pignus,
779 1220 912 1312 inquit,
951 1218 1111 1312 reddes,
1145 1223 1216 1295 uti-

157 1339 250 1412 que,
285 1319 309 1392 s1
333 1339 408 1392 non
431 1319 474 1392 sit
496 1317 702 1406 solvendo;
746 1319 827 1412 quia
851 1317 999 1390 solutori
1022 1320 1146 1411 artique
1162 1323 1216 1413 pi·
1285 1361 1287 1368 ‹

156 1436 248 1515 gnus
270 1417 522 1494 restituendum
542 1417 611 1492 esse
629 1411 748 1590 syrum
767 1419 879 1492 homo
893 1415 1093 1490 scriberet?
1117 1417 1217 1493 Mul·

155 1529 199 1590 to
224 1516 434 1592 manifestius
455 1519 493 1591 in
519 1517 640 1592 Deute
660 1518 838 1610 onomio,
871 1515 960 1589 Non
984 1517 1137 1590 dormies
1160 1515 1217 1591 su-

154 1635 222 1714 per
239 1618 364 1714 pignus
385 1617 480 1710 eius,
512 1617 731 1692 Redditione
759 1615 885 1693 reddes
908 1615 958 1690 illi
986 1616 1127 1709 pallium
1148 1618 1216 1690 cir·

155 1737 201 1789 ca
224 1713 305 1790 solis
326 1715 514 1808 occasum,
542 1717 745 1792 &dormiet
767 1715 804 1790 in
821 1715 932 1808 pallio
956 1717 1030 1789 suo.
1080 1713 1214 1791 Adhuc

156 1815 283 1888 clarius
307 1813 436 1908 supra,
471 1817 640 1890 Dimittes
675 1837 783 1890 omne
814 1815 991 1906 debitum,
1026 1815 1124 1906 quod
1147 1817 1214 1890 tibi

154 1911 337 2012 proximus
348 1916 476 2006 debet,
501 1913 535 1985 dr
552 1915 696 1990 fratrem
705 1927 805 1988 tuum
821 1935 896 1987 non
913 1909 1099 2008 reposces:
1124 1935 1215 2006 quo·

153 2013 248 2088 nien
270 2009 418 2088 remissio
447 2013 581 2086 domini
608 2011 678 2089 Dei
706 2013 758 2086 tui
781 2013 953 2086 invocata
976 2009 1035 2088 est.
1094 2013 1214 2088 Porro

154 2131 237 2186 cum
256 2111 412 2189 debitum
440 2111 569 2186 dimitti
586 2113 708 2208 jubet,
739 2113 863 2205 utique
890 2133 966 2186 non
992 2111 1214 2193 exsoluturo.

153 2204 236 2287 Plus
262 2211 354 2286 enim
380 2211 432 2288 cst
455 2211 489 2284 δι
513 2211 538 2286 s1
562 2211 793 2302 exsolutur03
821 2233 901 2286 curn
925 2207 1063 2304 reposci
1087 2225 1213 2307 vetat,

154 2311 239 2406 quid
258 2311 351 2386 aliud
375 2311 507 2405 docet,
533 2330 636 2404 quarn
653 2331 730 2386 non
750 2309 956 2385 exsoluturo
976 2309 1214 2408 soenerenrus,
1289 2385 1290 2390 r

152 2411 215 2508 qui
239 2417 311 2484 tem
337 2409 586 2486 detrimentum
609 2411 739 2488 foenori
764 2409 916 2484 indixit?
955 2407 1000 2480 Et
1031 2415 1120 2480 eritis
1141 2413 1240 2502 fisis·

130 2515 229 2588 Dei.
279 2507 380 2586 Nihil
395 2509 652 2605 impudentius,
677 2511 782 2586 frisle
800 2529 868 2582 nos
891 2507 951 2604 sibi
971 2505 1065 2582 filios
1083 2509 1213 2608 faciet,

151 2611 213 2704 qui
233 2609 338 2682 nobis
361 2607 457 2682 filios
475 2607 594 2685 fecere
611 2629 686 2687 non
709 2607 883 2704 permisit,
910 2607 1105 2682 auferendo
1127 2631 1216 2684 con·

149 2709 319 2785 nubium:
354 2707 539 2800 quomodo
556 2710 594 2782 in
611 2709 648 2782 id
670 2727 802 2782 nornen
826 2707 1022 2782 eilesiurus·
1034 2707 1084 2782 est
1107 2707 1213 2804 suos,

151 2805 251 2902 quod
273 2807 345 2899 jam
362 2804 497 2882 eraut?
529 2805 637 2882 Filius
669 2806 831 2899 spadonis
857 2805 925 2880 elie
951 2828 1027 2880 non
1051 2805 1214 2904 possum,

149 2907 301 2986 maxime
317 2927 397 2981 curn
410 2917 548 3001 patrem
560 2908 706 2982 habeam
721 2907 885 3000 eundem,
911 2929 1014 3000 quem
1030 2906 1064 2978 δι
1079 2909 1213 2984 omnia.

149 3005 246 3084 Nam
264 3019 337 3083 tam
352 3021 455 3102 pater
473 3007 656 3098 omnium,
682 3007 741 3096 qui
765 3005 933 3080 eonditor
949 3005 1214 3102 universrtatis,

153 3127 258 3202 quarn
268 3103 398 3204 spado,
417 3105 477 3198 qui
489 3105 619 3180 nullius
636 3100 833 3180 substantie
846 3105 1035 3205 conditor,
1057 3103 1216 3180 &stmu-

148 3227 275 3282 remae
283 3205 459 3280 soemiuam
468 3223 544 3278 non
552 3202 1060 3300 miscuissetcreator,&srnon
1069 3206 1215 3280 univer-

147 3305 348 3400 srsquoque
362 3305 564 3378 animalibus
576 3299 669 3378 mres
682 3303 919 3394 conceffisset,
940 3305 1115 3378 hoceram
1135 3305 1215 3396 ejus

149 3419 232 3482 aute
242 3401 449 3502 paradisum,
460 3418 542 3474 ante
559 3399 737 3493 delidaum,
749 3417 830 3476 ante
842 3403 999 3495 exilium,
1011 3417 1092 3474 ante
1102 3401 1215 3500 duos,

148 3517 269 3579 unum.
318 3501 453 3577 Denuo
476 3499 586 3574 fadus
613 3497 705 3574 fissus
726 3499 800 3592 fui,
827 3501 943 3576 statim
966 3520 1045 3574 cum
1064 3523 1123 3574 me
1140 3525 1213 3578 ma-

148 3605 254 3680 nibus
270 3603 393 3677 enixus
416 3600 485 3694 est,
511 3621 592 3673 curn
609 3599 653 3672 de
674 3597 737 3674 suo
760 3601 871 3676 halitu
891 3599 1019 3676 movit.
1068 3599 1134 3674 Ille
1153 3623 1212 3678 me

147 3720 245 3784 nunc
270 3697 384 3774 nur-sus
410 3697 521 3773 filium
546 3713 753 3794 nuncupat,
775 3703 847 3795 jam
874 3719 949 3774 non
976 3700 1014 3772 in
1038 3701 1212 3798 animam,

146 3800 209 3883 sed
228 3800 263 3872 in
276 3798 431 3892 spiritum
444 3800 604 3893 pariens:
629 3803 801 3916 micipsa,
826 3801 960 3894 inquit,
979 3799 1214 3994 suevdJsias·

1050 3923 1108 3971 rm
1122 3923 1160 3970 us
