2612 4328
415 170 962 282 courru'Guoartcos.
1001 281 1004 286 ,
1145 187 1219 302 ‘277

142 365 278 462 ‘quibua
293 367 330 440 in
347 367 496 440 lavacro
514 363 587 460 ipsa
603 367 682 440 vita
698 365 903 462 deponitur.
938 363 997 438 Sic
1014 361 1138 438 dilatio
1154 387 1219 464 ope.

143 476 197 540 rit
228 469 468 542 multitudinem
494 463 697 556 delitiarum,
741 487 818 558 quae
842 465 960 540 Deum
988 463 1122 538 scilicet
1145 464 1246 540 dili--

143 591 259 670 gens,
291 595 329 640 ax
347 569 426 640 roth
445 569 574 638 uiribus
588 569 680 656 suis,
706 567 832 660 quibus
853 567 889 637 in
905 567 1078 657 martyrio
1099 565 1219 638 decer·

147 682 218 744 tat:
244 697 282 740 ex
304 685 372 739 rora
397 672 506 740 anima
525 669 609 756 sua,
643 687 748 760 quam
761 686 832 760 pro
849 663 933 737 Deo
953 669 1079 758 ponit,
1094 663 1222 766 homi,

145 791 230 845 nem
254 783 448 861 martyrem
471 766 626 842 excudit.
673 765 761 839 Haec
783 780 825 854 tu
844 763 1024 858 remedia,
1051 763 1217 858 consrlia,

34 881 39 890 ·
142 869 299 961 judicia,
324 865 544 961 spectacula,
571 866 678 939 etiarn
694 863 766 938 Dci
784 865 1010 936 atrocitatem
1031 865 1218 956 judicabis.

143 967 360 1066 Sanguinem
379 967 533 1042 hominis
551 963 653 1038 Deus
677 961 923 1056 concupiscit?
949 959 999 1034 Et
1015 975 1135 1038 tamen
1160 987 1218 1036 au·

90 1065 95 1076 '
142 1065 209 1141 sun
224 1068 363 1157 dicere,
388 1065 413 1140 fi
433 1067 596 1140 &homo
616 1085 764 1162 regnum
782 1061 873 1155 Dei,
907 1061 1061 1136 srhomo
1085 1078 1219 1138 certant

86 1203 90 1211 ·
143 1165 316 1256 satutem,
341 1165 365 1240 fi
386 1165 549 1240 &homo
567 1163 756 1238 secundam
778 1162 1105 1258 regenerationem:
1131 1163 1219 1236 nulli

145 1264 392 1358 compensatio
408 1264 582 1339 invidiosa
599 1263 672 1358 est,
697 1263 820 1358 inqua
841 1277 902 1335 aut
921 1261 1065 1364 gratiae,
1092 1276 1154 1334 aut
1168 1263 1219 1336 iu·
1242 1287 1257 1316 ν

12 1459 15 1466 1
141 1367 246 1460 juriae
264 1367 462 1438 communis
484 1364 535 1440 esi
558 1365 663 1439 ratio.

225 1485 257 1557 7.
284 1463 438 1538 Incutiat
455 1463 570 1538 adhuc
587 1465 747 1558 scorpius
764 1463 978 1538 homicidam
994 1463 1115 1540 Deum
1131 1483 1235 1563 veru¹

144 1565 272 1654 tilans3
307 1566 468 1638 horrebo
494 1566 599 1658 piane
623 1562 787 1656 spurcum
809 1563 1031 1656 blasphemia
1051 1563 1219 1638 adflatum

144 1666 191 1740 de
215 1667 390 1738 haeretico
414 1683 481 1736 ore
504 1662 710 1738 soetentcm:
746 1661 806 1734 sed
836 1663 871 1734 dc
897 1664 1005 1738 talem
1030 1661 1148 1735 Deum
1174 1663 1222 1748 de

143 1762 278 1838 fiducia
293 1765 445 1840 rationis
473 1761 681 1856 animosior,
716 1783 786 1854 qua
804 1764 946 1836 ratione
963 1763 1077 1836 etiarn*
1091 1759 1164 1855 ipse
1183 1759 1218 1836 st

134 1865 228 1962 'plus
256 1884 361 1956 quarn
392 1861 607 1936 homicidam
636 1862 896 1956 pronunciavit
917 1883 962 1936 ex
990 1861 1121 1956 sophiae
1151 1858 1218 1934 sua

142 1963 323 2060 persona,
355 1985 452 2036 voce
477 1960 701 2036 Salomonis:
729 1959 870 2060 Sophia,
897 1961 1042 2054 inquit,
1053 1946 1219 2064 jugataiit

133 2067 227 2162 fliius
239 2065 317 2150 [aas.
368 2061 502 2156 Sophia
517 2060 687 2156 sapientia
704 2061 763 2138 est.
816 2059 1004 2156 Sapienter
1020 2062 1146 2156 utique
1163 2061 1218 2154 ju·

144 2165 282 2264 gulavit
309 2162 392 2256 dum
416 2163 453 2236 in
480 2163 614 2255 vitam,
641 2161 942 2255 irrationaliter,
970 2161 1054 2236 dum
1079 2163 1116 2234 in
1141 2163 1231 2257 gio·-=

143 2265 243 2340 tiana
298 2261 334 2334 Ο
358 2262 535 2356 parricidii
555 2262 756 2358 ingenium,
794 2261 982 2336 osceleris
1003 2257 1216 2354 artificium,

145 2387 173 2436 o
191 2376 434 2459 argumentum
457 2359 702 2456 erudehtatir,
728 2383 804 2454 quae
825 2363 961 2435 idcirco
985 2359 1142 2450 occidit,
1170 2381 1216 2434 ne

107 2465 319 2540 moriatur
351 2483 456 2553 quem
493 2460 683 2534 occiderit
729 2461 779 2534 Et
814 2463 898 2536 ideo
925 2459 1009 2552 quid
1033 2457 1216 2551 sequitur?
1287 2527 1292 2541 ,

144 2565 265 2656 Sophia
279 2571 316 2632 iu
328 2563 462 2634 exitibus
478 2557 766 2656 caniturhy'nmir:
793 2561 967 2634 Cantetur
985 2559 1081 2634 enim
1096 2557 1130 2631 ἃ
1144 2559 1217 2632 exi*

142 2681 205 2738 tus
215 2675 423 2756 martyrum.
472 2661 591 2756 Sophia
607 2662 771 2833 inglatais
784 2663 819 2732 do
833 2661 1108 2756 conflantiaagit,
1121 2661 1216 2733 beno

144 2765 241 2838 enim
256 2759 351 2836 tilios
370 2761 450 2834 suos
463 2761 612 2856 jugulat.
673 2782 762 2855 uper
780 2759 934 2846 summos
953 2773 1073 2834 autem
1091 2781 1215 2834 muros

140 2859 278 2937 confisa
304 2861 390 2936 dicit
417 2881 525 2954 quum
546 2861 624 2952 quis
650 2859 842 2936 secundum
866 2859 1002 2936 Esaiam
1020 2861 1079 2936 hic
1100 2863 1215 2936 excla-

142 2977 238 3054 mat,
267 2964 330 3053 Ego
351 2967 415 3033 Dei
430 2963 515 3048 sum,
541 2955 581 3036 (Ὺ
596 2962 874 3054 hicvocifaratur,
904 2965 1079 3034 tummim
1098 2961 1216 3059 Jacoir'

144 3063 181 3135 ἀ
197 3067 278 3132 aum
295 3063 462 3148 inscribit,
491 3067 528 3130 in
543 3067 669 3133 nomino
688 3062 824 3151 isradlis.
851 3057 886 3134 O
901 3064 1036 3136 bonam
1051 3074 1215 3154 matrem,

142 3175 250 3356 dit
266 3159 396 3336 iiii
415 3156 909 3336 ”dinitidat
921 3159 1215 3354 ‘intigit

408 3316 421 3354 9
716 3317 726 3338 ⁹
1061 3317 1066 3326 ⁸
1292 3335 1299 3344 .

141 3357 239 3434 iiiios
257 3359 358 3454 suos,
384 3383 429 3434 an
445 3359 479 3434 u
496 3359 675 3453 torquet?
698 3359 824 3434 Audio
840 3361 934 3436 enim
950 3362 984 3435 &
999 3361 1080 3436 aiibi
1096 3359 1214 3436 dicen-

10 3537 15 3572 ,
62 3515 68 3524 .
142 3475 218 3534 tem
243 3459 385 3536 Deum:
429 3465 526 3532 Uram
550 3463 617 3532 idos
631 3461 726 3556 ficati
747 3465 857 3530 uritur
873 3487 1006 3548 aarum,
1031 3461 1070 3536 o
1083 3459 1215 3555 probabo

7 3602 15 3669 .'
143 3563 210 3628 idos
220 3561 314 3655 ficari
334 3561 486 3654 probatur
503 3577 679 3656 argmtum.
730 3557 869 3652 Utique
884 3583 950 3654 per
968 3571 1152 3642 tormenta
1165 3551 1214 3655 ig!
1249 3581 1253 3594 ¹

141 3663 261 3753 nium,
287 3658 323 3730 dr
338 3658 612 3756 suppliciorum,
637 3681 704 3754 per
721 3661 914 3752 martyria,
939 3655 1023 3732 fidei
1041 3657 1214 3734 examina·

140 3759 248 3832 toria.
297 3758 376 3830 Scit
402 3761 437 3832 dc
460 3760 643 3853 apostolus
664 3761 804 3853 qualem
830 3759 951 3834 Deum
975 3757 1213 3854 adscripserit,

143 3879 254 3954 quum
276 3856 423 3934 scribito·
444 3865 486 3936 Si
504 3863 594 3936 Deus
604 3861 678 4035 pigi
692 3865 750 3947 jao
764 3883 830 3935 mn
840 3863 996 3960 peporcit,
1015 3860 1072 3954 fid
1082 3882 1214 4030 pagiua-

605 3973 610 3984 .
697 3979 715 4054 3
1151 3986 1166 4030 s
