2582 4322
27 231 76 256 Ι,
182 141 779 230 aovrrauaManerotttra
806 141 975 226 trull.
1040 171 1109 252 337

46 307 186 404 gretia,
213 305 478 383 &familiaritas
498 303 590 400 Dei,
615 325 679 400 per
701 305 944 400 quamomnia
960 299 1034 382 Dei
1047 329 1110 389 co-

46 399 249 504 gnoviss‘et,
285 403 526 482 liobediiiet:
560 407 644 498 quid
667 408 815 500 mirum,
856 407 879 484 fi
909 405 1111 483 redhibitus

43 508 206 580 materie
227 504 312 598 suae,
340 505 430 578 &in
453 499 660 600 ergastulum
677 519 779 580 terrae
803 501 1003 581 laborandae
1017 505 1109 582 rele-

41 619 169 702 gatur.
203 603 339 698 inipso
365 623 477 700 opere
501 621 619 697 prono
644 603 678 678 dt
705 605 848 678 devexo
874 607 917 678 ad
949 619 1107 702 terrem,

43 699 254 797 usurpatum
274 727 320 778 ex
333 705 392 776 illa
406 698 562 796 spiritum
581 701 702 777 mundi
719 699 887 779 universo
904 705 1024 800 generi
1040 699 1106 780 suo

43 801 213 894 tradidit,
240 803 412 876 duntaxat
428 803 564 876 animali
581 799 614 874 δι
630 802 818 895 heretico,
845 823 920 876 non
935 805 1109 896 recipien·

43 903 102 992 ti,
135 923 211 992 quae
233 897 312 974 sunt
329 899 431 974 Dei?
463 893 540 974 Aut
562 903 636 993 quis
662 897 858 996 dubitabit,
890 897 1001 996 ipsum
1019 902 1122 978 illud-

42 999 140 1073 Adae
156 999 317 1074 delittum
332 995 474 1074 baeresrn
487 999 742 1096 pronunciare,
770 999 868 1094 quod
881 1021 944 1094 pet
961 999 1123 1074 eletio*

43 1121 132 1194 nem
163 1097 230 1172 suae
253 1099 400 1192 potius,
443 1120 546 1190 quarn
570 1099 698 1174 divinae
732 1095 912 1174 sententie
939 1085 1124 1176 admifir't.
1222 1182 1228 1195 Ι

9 1205 11 1216 ²
40 1197 110 1272 nili
128 1195 226 1289 quod
243 1198 356 1272 Adam
374 1218 549 1290 nunquam
623 1201 684 1272 ulo
704 1193 766 1273 suo
787 1199 913 1295 dixit,
929 1217 1007 1272 non
1023 1217 1108 1292 pru-

39 1297 175 1374 denter
190 1292 360 1370 definxisti
380 1319 458 1372 me:
484 1297 589 1372 confe
620 1319 658 1372 us
675 1297 725 1372 est
743 1297 1001 1390 sedutlionern,
1026 1317 1123 1376 non*-

39 1397 250 1470 occultavit
280 1392 519 1470 seduttricem:
561 1397 658 1473 rudis
697 1395 884 1472 admodum
916 1397 1121 1470 hereticus·

9 1555 10 1588 3
38 1495 126 1569 fuit.
177 1491 267 1574 Non
287 1495 467 1584 obaudiit,
493 1517 570 1568 non
597 1509 716 1570 tamen
733 1493 988 1591 blasphemavit
1008 1517 1105 1569 crea·

9 1669 11 1688 ‚
36 1609 190 1684 torem,
216 1615 284 1668 nec
297 1593 525 1687 reprehendit
541 1607 723 1688 autorem,
750 1615 853 1685 quem
869 1617 888 1666 a
907 1593 1122 1688 primordio·

9 1757 11 1802 ,
37 1691 97 1766 sui
122 1691 157 1764 u
182 1693 318 1766 bonum
347 1691 576 1786 &optimum
595 1695 803 1788 invenerat,
835 1687 962 1788 &ipse
983 1693 1008 1768 ii
1030 1691 1123 1784 ion·

9 1873 11 1894 Ι
35 1805 80 1866 te
98 1789 255 1884 judicem
274 1789 410 1866 fenerat
425 1814 445 1864 a
463 1793 670 1884 primordio.
1115 1825 1120 1837 ·

9 1979 11 1992 Ι
120 1912 153 1982 3.
188 1889 298 1986 igitur
329 1891 515 1984 oportebit
542 1893 704 1966 ineuntes
738 1887 1033 1971 examinationem
1064 1893 1133 1988 in,-

9 2049 10 2056 Ν
33 1987 164 2064 Deum
183 2003 330 2085 notum,
359 1991 566 2082 srquaeritur
585 1991 622 2066 in
643 2013 711 2085 qua
732 1992 945 2079 conditione
970 1993 1013 2068 fit
1037 2013 1123 2066 no·-

9 2091 11 2126 ¹
35 2101 131 2180 tus,
158 2089 201 2161 ab
222 2091 389 2184 operibus
405 2090 479 2182 ejus
498 2091 677 2184 incipere,
705 2111 780 2183 quaa
804 2092 925 2184 priora
938 2091 1019 2166 sunt
1036 2093 1120 2166 ho·⁸

9 2157 12 2272 f
33 2187 164 2275 mine;
188 2199 228 2260 ut
248 2187 360 2262 statim
381 2209 460 2262 curn
480 2185 556 2282 ipso
575 2203 759 2283 comperta
782 2191 926 2263 bonitaa
945 2191 1022 2282 ejus
1067 2189 1105 2262 dt

9 2279 173 2361 {exinde
199 2287 391 2362 constituta
416 2303 522 2379 atque
543 2287 764 2383 prescripta,
798 2241 1104 2380 admemoriam

9 2353 12 2518 ι
34 2388 204 2484 suggerat
229 2388 335 2462 nobis
360 2387 606 2483 intelligendi,
640 2389 788 2480 qualiter
813 2383 959 2478 sequens
983 2404 1120 2461 rerum·

9 2547 13 2562 .
37 2484 225 2558 ordinatio
244 2483 404 2562 evaserit.
444 2483 590 2560 Possunt
604 2503 721 2562 autern
738 2483 893 2580 discipuli
906 2479 1105 2558 Marcionis

9 2569 13 2614 ¹
34 2605 130 2662 reco
179 2579 347 2660 oscentea
362 2585 562 2660 bonitatem
584 2583 655 2660 Dei
680 2583 816 2677 nostri,
847 2577 996 2680 dignam
1012 2603 1103 2676 quo-

9 2697 113 2776 'que
176 2705 266 2758 eoa
314 2682 436 2760 oscere
468 2705 531 2778 per
556 2685 700 2760 eosdem
725 2684 884 2777 titulos,
918 2701 983 2778 per
1008 2703 1120 2780 quot⁵

9 2765 15 2822 Ι
32 2779 259 2877 indignamo
336 2784 447 2858 dimus
462 2783 499 2856 in
515 2784 598 2858 Deo
613 2785 766 2858 illorum.
806 2781 883 2878 Jam
896 2784 969 2858 hoc
989 2779 1103 2877 ipsum

9 2885 14 2924 ⁹
36 2879 143 2974 quod
159 2882 304 2956 materia
327 2883 377 2956 est
398 2881 585 2980 agnitionis
607 2881 694 2976 sue,
719 2903 795 2956 non
815 2881 906 2978 apud
928 2881 1034 2956 aliurn
1048 2881 1103 2954 in·

9 2980 145 3054 ’venit
173 2975 233 3052 sed
256 2979 299 3054 de
322 2979 386 3056 suo
409 2983 472 3056 libi
496 2981 593 3057 fecit.
644 2981 757 3056 Prima
783 2979 933 3072 denique
957 2981 1102 3054 bonitas

9 3091 14 3114 '
35 3079 240 3172 creatoris,
267 3079 388 3174 quase
407 3079 507 3162 Deus
521 3081 641 3156 noluit
657 3082 697 3152 in
715 3093 885 3154 eternum
901 3079 1036 3172 latere,
1062 3079 1101 3152 id

9 3173 14 3228 ¹
35 3175 96 3292 est.
109 3197 187 3250 non
207 3176 277 3252 elle
296 3179 445 3274 aliquid,
472 3181 528 3252 cui
546 3177 647 3294 Depo
661 3176 959 3292 cognosceretur..
999 3175 1099 3274 Quid

9 3279 523 3476 alm
539 3273 992 3469 tl

9 3477 124 3554 ·dum
140 3489 216 3548 erat
230 3477 429 3570 quicquam,
455 3477 512 3550 cui
524 3491 732 3571 appareret,
756 3471 817 3551 sed
830 3469 1101 3567 Deutprescie·

9 3575 121 3667 ¹bat,
156 3575 351 3668 quidboni
377 3577 614 3672 appetituum
638 3573 747 3665 eliet:
773 3575 809 3647 dt
833 3575 917 3646 ideo
944 3573 980 3644 in
1004 3569 1099 3648 suam

9 3667 203 3748 bsuaumarn
232 3675 404 3766 commitit
426 3676 623 3752 bonitatem
648 3674 842 3771 apparituri
872 3672 960 3746 boni
988 3693 1098 3770 nego-

9 3809 21 3878 p
36 3771 239 3870 natricem,
269 3797 349 3870 non
368 3775 495 3870 ¹utique
517 3775 743 3868 ¹repentinum
772 3791 842 3849 nec
866 3771 1097 3864 ouuentitiae,

9 3879 16 3934 l
91 3863 227 3968 Terret.
257 3871 347 3952 Tarm
373 3879 400 3950 l.
554 3867 595 3947 ll
907 3871 1051 3982 benig
1091 3884 1143 3974 ‘s
