2572 4332
93 174 496 296 Aaorddr'rrcot·
521 200 1011 288 rouruauscrurrs.
1064 207 1111 296 ις

44 363 198 440 viriculis
218 383 312 458 pene
337 363 616 478 consumptum.
651 364 786 460 Jovem
807 384 854 438 ne
872 364 1112 448 eandemuim

46 465 220 538 acaeteris
237 462 411 539 coeutibus
426 465 668 557 experiretur,
694 484 806 556 opera
823 463 944 558 cujusd
1010 486 1113 541 mou»
1158 492 1166 556 ,¹

42 561 103 638 ιιιι
127 565 338 654 liberatum,
372 563 406 636 dc
430 583 527 635 nunc
550 562 696 636 flentem
719 563 935 658 Sarpedonis
1023 585 1111 660 um,

42 679 141 738 mmc
157 663 250 735 frede
265 661 472 736 subantem
462 685 497 738 ur
516 649 676 736 sororem
687 659 750 736 sub
768 665 1116 738 commemoratione

40 781 120 836 non
137 762 188 834 ita
202 759 403 835 diledlarum
418 762 839 876 jampridemamicarum.
872 760 1013 836 Exinde
1032 765 1111 878 quis

40 881 120 936 non
140 866 251 955 pocta
267 873 312 934 ex
327 859 541 935 austoricus
554 861 722 960 principis
736 860 787 936 sui
804 861 1069 936 dedecorator
1058 885 1111 938 m·

41 964 191 1034 venitur
206 959 381 1036 deorum?
406 961 476 1034 Hrc
486 951 698 1054 Apollinem
709 959 870 1037 Admeto
884 981 959 1059 rega
949 959 1111 1058 pascen-

40 1060 96 1133 dis
114 1062 308 1154 pecoribus
327 1060 476 1152 addicit,
502 1063 561 1134 ille
579 1061 743 1156 Neptuni
759 1059 961 1134 stnrdlorias
981 1081 1007 1136 o
1006 1083 1109 1156 peras

39 1155 287 1234 Laomedonti
311 1161 422 1235 locat
472 1157 535 1234 Est
558 1157 671 1234 &ille
691 1160 735 1234 de
756 1161 878 1253 lyricis
900 1157 1128 1276 (Pindarum
1273 1157 1274 1164 ‘

41 1256 152 1355 dico)
187 1260 246 1352 qui
268 1257 520 1354 Aesorlapitun
543 1261 640 1333 canit
665 1261 821 1334 avantiae
845 1262 1005 1353 merito,
1042 1281 1117 1352 qua

12 1415 18 1424 .
39 1358 254 1432 medicinam
262 1371 445 1436 nocenter
464 1359 684 1453 exercebat,
709 1358 859 1432 fulmine
877 1360 1109 1435 vindicatum.

40 1455 163 1531 Malus
184 1457 350 1552 Jupiter,
383 1458 409 1532 ιι
430 1457 565 1532 fulmen
587 1459 682 1532 illius
698 1457 770 1550 est,
796 1459 923 1551 impius
940 1459 978 1532 in
996 1479 1113 1553 nepos

40 1569 141 1650 tem,
173 1557 346 1630 invidus
335 1579 372 1630 ιι
391 1556 574 1632 muricem.
625 1557 849 1648 Haemoque
871 1577 958 1632 vera
979 1557 1115 1652 prodr,

38 1653 277 1851 stafili
293 1653 1109 1849 ξῖιιῗιέιιιῖιξιιιὲἶὲιιοιῖιίῗῗέἒὲ

834 1807 847 1848 9

37 1875 144 1930 mnas
165 1857 224 1927 vel
241 1875 382 1928 errores
403 1855 530 1930 domus
547 1857 696 1948 alicujus
715 1855 773 1930 dei
790 1855 994 1972 presentun
1037 1853 1111 1928 sa

38 1971 113 2028 ceo
132 1951 178 2028 de
197 1953 438 2050 philosophis,
461 1951 612 2030 Socrate
630 1969 854 2050 contemnas,
880 1955 940 2048 qui
965 1959 1002 2030 ιι
1022 1975 1110 2028 con
1195 1963 1198 1972 ’

37 2054 223 2130 mmeuam
244 2054 395 2128 deorum
420 2075 589 2148 quercum
609 2054 643 2130 dt
662 2056 801 2130 hircum
823 2053 994 2130 &canem
1011 2055 1106 2146 deje·
1177 2069 1185 2076 ·

37 2155 153 2228 rabat.
208 2151 280 2226 Sed
297 2166 492 2248 propterea
517 2153 700 2229 damnatus
728 2153 779 2228 est
802 2151 1001 2250 Socrates,
1027 2155 1110 2246 quia

38 2251 129 2328 deos
149 2251 364 2327 destruebat.
412 2252 520 2328 Plane
538 2254 646 2346 olim,
672 2253 709 2327 id
728 2251 947 2349 estsdmper,
973 2255 1111 2332 veritar

37 2352 131 2429 odio
152 2351 215 2426 est.
273 2349 413 2428 Tamen
439 2373 521 2428 cunr
543 2355 753 2446 penitentia
784 2350 968 2426 sententie
992 2349 1107 2426 Athe·
1144 2429 1152 2440 ,

37 2450 178 2526 irienses
202 2453 449 2526 criminatores
484 2451 641 2528 Socratis
664 2451 789 2548 postea
814 2451 1040 2544 afflixerint,
1073 2449 1115 2524 dc·

37 2551 229 2650 imaginem
246 2552 324 2643 eius
341 2573 482 2628 auream
501 2554 691 2646 intemplo
710 2553 945 2644 collocarint,
971 2541 1117 2628 rescissa-

39 2651 223 2726 demnatio
236 2649 475 2726 telbmomum
487 2651 628 2725 Socrati
651 2651 816 2726 reddidit
866 2649 993 2725 Sed&
1014 2649 1113 2724 Dio·
1272 2687 1274 2694 ι

38 2769 145 2847 genes
173 2748 293 2824 nescio
319 2749 438 2843 quid
427 2773 465 2826 ιι
488 2751 685 2828 Herculem
708 2749 826 2843 ludit,
862 2749 896 2824 ιι
920 2750 1107 2826 Romanus

40 2847 200 2942 Cyru'cus
221 2851 340 2924 Varro
358 2863 544 2924 trecentos
559 2851 674 2946 Joves
695 2849 770 2932 five
790 2851 969 2947 Jupitcres
987 2849 1108 2925 dicen-

39 2948 142 3042 dum,
170 2951 244 3024 sme
265 2949 439 3042 capitibus
459 2947 669 3026 introducit.
1106 2984 1110 2997 ·

114 3067 172 3140 ις.
199 3047 330 3125 Cetera
341 3048 645 3147 laseiviaemgema
655 3051 761 3126 otram
778 3003 1026 3159 voluptatibus
1044 3069 1109 3122 ve
1111 3084 1113 3093 ι

38 3145 112 3222 liris
131 3169 198 3243 per
216 3141 366 3222 deorum
389 3147 544 3222 dedecus
566 3161 773 3242 operantur.
811 3147 997 3244 Dispicite
1012 3146 1108 3222 Len
1110 3173 1114 3182 ·

39 3249 198 3322 culorum
219 3247 254 3320 tc
272 3245 509 3322 Hostilionrm
523 3248 750 3342 vetustates,
775 3261 896 3326 utrum
912 3249 1109 3323 mimosau

40 3346 126 3422 deos
144 3345 355 3441 veritos,
345 3369 382 3422 nr
392 3347 488 3440 jocis
502 3347 537 3422 dt
552 3347 872 3442 strophisrideatis.
920 3345 1114 3422 Moechrm

12 3495 13 3516 ι
41 3445 222 3538 Anubim,
234 3445 503 3522 &mascrdum
527 3447 694 3540 Lunam,
719 3447 755 3521 δι
777 3447 930 3522 Dianam
946 3445 1108 3540 ffilagella

40 3555 129 3640 tam,
158 3545 313 3640 &Jovis
329 3549 465 3620 mortui
479 3545 727 3625 testamentum
742 3547 951 3640 recitautm,
978 3539 1012 3616 dc
1030 3556 1111 3618 tres

12 3699 13 3736 J
40 3643 214 3720 Hercules
231 3643 416 3720 famelicos
430 3643 560 3721 irrisos.
616 3645 686 3722 Sed
701 3645 736 3720 u
752 3645 962 3720 histrionum
976 3637 1108 3721 littefae

12 3795 13 3828 ;
43 3750 182 3820 omnem
195 3743 390 3821 feditatem
407 3759 534 3826 eurum
547 3744 744 3842 defignant
794 3743 922 3838 Luget
927 3737 985 3822 fol
994 3739 1107 3823 lilium

12 3895 14 3938 z
41 3841 203 3936 ubuum
219 3841 266 3920 de
280 3846 372 3918 coelo
394 3843 627 4016 letantibrlp
611 3844 749 3940 vobis,
781 3839 971 3938 &Cybele
989 3841 1104 3938 pasto

609 3964 630 4038 3
890 3999 892 4004 .
978 3963 1055 4064 rem
