2612 4328
242 305 246 314 ,
304 223 1038 306 nuFuonrul’aaastuaroite.
1139 233 1211 322 '255

140 412 221 490 qam:
255 397 373 466 Verum
394 417 461 464 non
481 395 562 489 quod
578 415 627 481 ege
643 389 735 480 velo,
762 389 812 476 {ed
832 391 912 487 qued
928 405 977 475 te,
999 387 1141 486 fugiens
1155 413 1214 464 au·

141 510 207 577 tem
231 493 419 588 quomodo
439 495 513 566 hoc
530 489 747 588 postulabis,
772 486 846 586 ipse
865 491 931 564 tibi
947 487 1113 584 prestans
1132 493 1213 566 cali·

142 595 185 668 eis
207 595 505 688 translationem,
528 612 598 666 uec
625 589 724 683 quod
744 605 847 686 pater
868 593 969 686 vult,
994 589 1128 686 facieS,
1153 587 1215 666 sed

66 771 68 780 ,
140 695 235 788 quod
255 693 323 768 tu?

208 819 246 892 9.
275 791 408 868 Omnia
422 789 593 888 Apostoli
608 790 800 864 secundum
816 788 922 864 deum
936 791 1060 881 utique
1079 791 1213 866 docus

66 897 69 930 '
136 909 241 988 tunt,
284 895 405 968 omnia
449 891 696 988 evangelizare
737 890 947 963 voluerunt.
1013 889 1088 963 Ubi
1127 892 1239 965 illos·

66 1003 68 1050 ¹
138 993 292 1070 ostendis
324 1009 543 1088 praeceptum
574 989 732 1086 fugiendi
768 989 813 1062 de
845 988 995 1064 civitate
1024 989 1064 1063 in
1087 991 1214 1066 civita·

66 1129 68 1132 ·
134 1109 208 1172 tem
234 1089 468 1186 restaurasse,
505 1092 586 1186 quia
606 1111 676 1164 nec
696 1085 894 1184 potuissent
915 1091 989 1166 tale
1016 1091 1104 1183 quid
1127 1111 1215 1165 con·

133 1193 281 1270 stituere
299 1205 372 1266 tam
390 1193 611 1264 contrarium
635 1189 806 1282 exemplis
825 1185 893 1261 suis
918 1204 961 1262 ut
980 1189 1101 1285 fugans⁴
1117 1211 1219 1264 man·

134 1293 293 1382 darent3
345 1294 404 1384 qui
431 1313 509 1366 cuin
539 1294 691 1364 maxime
719 1289 764 1364 de
798 1290 953 1363 vinculis
981 1293 1045 1364 vel
1071 1289 1215 1388 insulis,

66 1415 72 1492 l
131 1393 266 1484 quibus
310 1393 360 1464 ob
398 1391 654 1466 confelsronem
694 1412 770 1464 non
812 1390 862 1463 ob
902 1389 1023 1489 fugam
1056 1392 1233 1466 nominis

66 1495 72 1623 b
130 1491 441 1585 continebantur,
489 1493 531 1566 ad
561 1491 725 1565 ecclesias
758 1490 971 1587 scribebant.
1045 1487 1219 1570 lnfirmoa

67 1647 68 1662 ,
128 1589 301 1668 sustinere
332 1591 436 1685 jubet
465 1588 616 1684 Paulus,
650 1591 777 1682 utique
802 1591 896 1664 enim
917 1613 994 1664 non
1020 1592 1214 1688 fugientes.

67 1679 71 1754 l
132 1687 360 1792 (Quomodo
380 1691 476 1765 enim
497 1689 756 1767 sustinebantur
775 1688 936 1762 absentes
947 1689 988 1790 2)
1010 1711 1054 1765 an
1077 1694 1215 1786 patien-

66 1811 72 1918 ἶ
130 1795 184 1864 tia
201 1792 299 1866 dicet
315 1788 558 1883 sustinendos,
583 1791 693 1863 sicubi
710 1810 775 1884 per
789 1785 1033 1865 infirmitatem
1047 1787 1130 1865 fidei
1147 1790 1217 1867 suae

66 1919 68 1938 ¹
132 1888 387 1964 offenderint?
413 1892 460 1964 src
478 1890 762 1985 &pusillanimes
780 1887 976 1984 consolari,
1002 1905 1216 1968 nontamen

67 2083 68 2086 p
132 1993 169 2066 in
188 1987 308 2088 fugam
331 1991 437 2065 mitti.
489 1991 559 2064 Sed
576 2011 658 2064 cum
678 1991 870 2083 admonet,
903 2017 943 2061 m
961 1993 1057 2064 locum
1069 1989 1216 2066 maiade-

66 2107 71 2146 ‘·
134 2117 215 2177 nas,
229 2111 306 2164 non
325 2089 416 2186 fugae
430 2089 587 2189 suggerit
605 2087 883 2183 confilium,sed
898 2092 1088 2166 iracundia
1104 2093 1217 2168 docet

134 2205 479 2286 temperamentum,
517 2189 551 2263 tc
571 2190 597 2264 s1
620 2195 833 2264 redimendum
861 2210 981 2292 tempus
1003 2193 1112 2286 dicit,
1138 2211 1217 2290 quta

132 2297 198 2364 dies
220 2317 355 2390 nequam
374 2293 470 2378 sunt,
496 2312 573 2364 non
588 2311 654 2384 ‘per
671 2293 813 2386 sugam,
843 2287 902 2364 sed
923 2313 989 2386 per
1008 2291 1216 2386 sapientiam

135 2389 429 2466 conversationis
439 2393 568 2464 lucrari
581 2413 650 2463 nos
662 2394 744 2463 uult
757 2407 1009 2468 commeatum.
1036 2392 1219 2468 Caeterum

137 2492 199 2586 qui
212 2492 335 2565 lucere
352 2513 421 2564 nos
437 2491 542 2584 jubet
556 2493 661 2564 velut
677 2487 772 2564 filios
783 2491 894 2579 lucis,
922 2513 1000 2564 non
1011 2493 1116 2585 jubet
1131 2493 1218 2590 fuga

136 2591 309 2666 abscondi
327 2608 369 2664 ut
386 2587 482 2664 filios
510 2592 763 2680 tenebrarum3
791 2591 881 2664 stare
905 2592 1106 2665 immobiles
1128 2615 1216 2687 prae·

138 2693 249 2788 cipit,
275 2691 400 2783 utique
419 2712 488 2764 nec
504 2690 588 2787 suga
608 2691 785 2780 mobiles3
812 2691 848 2764 u
873 2689 1075 2786 accindos,
1101 2693 1139 2766 in
1162 2693 1230 2767 fua·

136 2811 241 2888 gam,
277 2812 321 2864 an
349 2795 385 2864 in
412 2789 601 2864 occursum
626 2789 829 2888 evangelii?
865 2812 960 2866 arma
983 2813 1134 2886 quoque
1156 2795 1218 2870 de·

132 2890 332 2986 monstrat,
365 2911 442 2984 quae
462 2889 627 2986 fugitiuis
645 2911 722 2966 non
743 2887 854 2968 essent
875 2891 1093 2968 necellbria‘l
1119 2895 1214 2970 inter

137 3011 213 3084 quae
231 2989 267 3064 δι
287 2993 447 3088 clypeum,
480 3017 538 3092 que
555 2991 674 3086 poffitr's
693 2995 755 3064 tela
776 2994 907 3080 diaboli,
933 3001 1132 3089 extinguere,
1158 3016 1215 3068 re·
1237 2991 1239 2998 ⁴

135 3088 294 3166 fistentes
309 3093 379 3165 sme
396 3091 507 3166 dubio
533 3090 568 3165 dt
593 3095 813 3188 excipientes
841 3115 986 3169 ornnem
1007 3097 1083 3170 vinr
1108 3095 1214 3172 illius.

137 3185 294 3264 Proinde
313 3191 346 3266 u
363 3193 544 3286 Johannes
565 3215 633 3286 pro
653 3191 821 3267 fratribus
838 3213 984 3286 quoque
1002 3197 1133 3268 animas
1151 3215 1217 3289 po·

138 3291 272 3366 nendas
291 3291 424 3386 docet,
451 3293 582 3366 nedum
600 3313 669 3388 pro
689 3293 849 3366 domino,
902 3294 988 3368 Hoc
1005 3318 1025 3368 a
1049 3294 1216 3392 fugienti-

138 3389 202 3464 bus
221 3409 300 3466 non
322 3392 445 3486 potest·
469 3395 662 3488 adimpleri.
715 3393 885 3485 Denique
908 3415 1047 3470 mernor
1069 3393 1221 3488 Appen-¹

66 3497 68 3566 l
138 3487 243 3584 lypsrs
264 3489 331 3566 sue
350 3494 387 3564 in
406 3513 474 3585 qua
489 3493 697 3570 timidorum
715 3497 851 3568 exitum
868 3495 1052 3588 audierat,
1085 3495 1130 3568 de
1151 3491 1215 3568 suo

66 3567 72 3680 l
138 3587 235 3662 sensu
258 3589 430 3666 admonet
458 3591 586 3686 &ipse
608 3595 776 3670 timorem
798 3595 1045 3688 reiciendum,
1089 3589 1218 3685 mmor,

136 3687 269 3782 inquit,
302 3695 428 3791 monesi
454 3698 490 3763 in
510 3693 682 3792 dileiir'one.
744 3699 805 3765 Sed
826 3703 913 3766 enim
929 3693 1071 3792 perfetio
1092 3695 1220 3770 clitellis

132 3787 222 3882 feras
246 3799 357 3862 mittit
379 3813 549 3876 tamarem,
585 3794 667 3886 quia
691 3793 801 3870 umor
820 3793 1137 3888 supplicamentum
1157 3798 1218 3871 ha-

138 3887 222 3984 bet,
248 3891 375 3986 utique
389 3895 510 3992 ignem
524 3893 655 3990 stagni.¹
700 3898 775 3996 Qui
787 3907 906 3968 autem
920 3895 1048 3994 umet,
1075 3899 1219 3974 nonest

1051 3997 1166 4094 perse·
1216 4089 1232 4104 μ

806 4167 814 4175 -
862 4137 883 4192 e

66 3359 71 3414 l
