2616 4336
159 187 233 292 't‘o4
306 197 354 300 Q.
379 192 515 272 ΕΜ.
540 181 684 271 stoa.
709 187 1078 272 Tarruttlnnr

29 398 30 410 2
154 355 325 453 Medici,
353 355 619 432 &Germanici
678 355 764 432 Hoc
779 357 867 430 loco
884 357 1049 432 Romana
1066 377 1150 454 gens
1172 359 1234 434 ui·

158 461 273 554 derit,
297 460 336 533 in
351 459 477 551 quibus
491 457 674 530 indomite
691 456 726 530 oc
741 471 919 531 extranea
933 459 1109 532 nationes.
1143 459 1235 532 Vos

157 557 279 634 tamen
291 557 339 632 'de
352 557 480 632 nostris
496 555 663 632 adversus
675 556 823 636 nostros¹
833 557 1051 652 conspiratis.
1102 553 1234 654 Agno-

157 659 284 736 scimus
307 657 389 731 sane
408 657 609 732 Romanam
630 657 668 730 in
686 655 837 730 Caesares
860 653 977 731 fidem.
1028 655 1139 730 Nulla
1162 677 1233 730 un-

157 775 265 852 quam
285 757 490 850 conjuratio
511 757 652 850 erupit,
678 757 795 830 nullus
810 757 847 828 in
863 756 1008 849 senatu,
1035 757 1096 828 uel
1114 757 1151 828 in
1167 777 1232 850 pa-

58 892 60 902 1
156 859 253 948 latiis
282 857 362 954 ipsas
395 853 570 952 sanguinis
597 854 741 930 Caesaris
765 869 890 930 notam
911 853 1001 929 fixit.
1054 855 1164 930 Nulla
1189 855 1233 931 in

156 958 358 1054 provinciis
383 953 546 1030 affedata
566 955 737 1048 majestas.
794 951 928 1028 Adhuc
947 953 1058 1050 Syriae
1079 955 1233 1030 cadave-

157 1064 238 1132 'sum
258 1057 431 1132 odoribus
454 1053 597 1150 spitant.
649 1052 782 1128 Adhuc
807 1054 932 1128 Galliae
953 1055 1136 1129 Rhodano
1160 1051 1230 1128 suo

154 1175 234 1234 non
256 1159 391 1230 lavant.
442 1154 514 1228 Sed
532 1155 665 1228 omitto
685 1149 837 1228 vesaniae
861 1155 1034 1248 crimina,
1060 1155 1141 1247 quia
1157 1173 1231 1228 nec

155 1257 222 1331 ista
243 1255 448 1330 Romanum
471 1271 607 1330 nomen
627 1251 829 1329 admittunt
890 1254 1070 1330 Vanitatis
1091 1251 1231 1346 sacrile-

153 1358 215 1454 gia
231 1355 468 1446 conveniam,
495 1351 654 1450 &ipsius
674 1354 877 1428 vernacule
894 1355 1010 1450 gentis
1026 1355 1231 1427 irreveren-

112 1485 115 1493 =
135 1457 244 1530 tiam
261 1451 545 1551 recognostam,
582 1451 617 1526 u
637 1451 787 1527 festivos
808 1454 972 1545 libellos„
998 1473 1090 1546 quos
1105 1451 1230 1526 statuae

158 1549 296 1648 sciunt,
330 1553 446 1627 &illa
466 1555 613 1646 obliqua
633 1573 893 1647 nonnunquam
907 1553 997 1626 dida
1024 1575 1044 1626 a
1066 1554 1228 1626 concilio

74 1676 87 1811 ἱ
156 1669 266 1748 atque
285 1652 495 1748 maleditba,
527 1673 605 1746 quae
626 1654 713 1726 circi
735 1651 876 1728 sonant
938 1649 1073 1728 Sinon
1100 1655 1227 1748 unns,

85 1818 88 1827 .
154 1754 280 1842 saltem
292 1754 413 1850 lingua
427 1751 562 1846 semper
582 1752 735 1827 rebelles
753 1754 845 1828 estis.
895 1749 966 1826 Sed
985 1751 1079 1826 aliud
1093 1751 1229 1848 opinor

84 1860 91 1917 l
156 1853 232 1949 cst,
257 1873 335 1926 non
345 1855 465 1947 jurare
481 1873 546 1952 per
561 1854 704 1949 genium
715 1851 868 1944 Caesaris.
918 1851 1116 1926 Dubitatur
1131 1853 1228 1927 enim

155 1956 204 2028 de
224 1951 377 2046 perjtuis
394 1953 499 2046 jure,
531 1971 614 2026 cum
635 1975 684 2026 ne
702 1973 768 2048 per
794 1951 898 2025 Deos
923 1952 1066 2045 quidem
1084 1951 1226 2026 vestros

154 2047 291 2127 ex'fide
312 2051 490 2144 dejeretis.
541 2048 613 2124 Sed
628 2071 705 2126 non
723 2053 870 2126 dicimus
890 2052 1014 2127 Deum
1033 2053 1228 2145 imperato·
1251 2093 1257 2102 ·

157 2175 253 2244 rem,
278 2147 382 2246 super
391 2152 475 2226 'hoc
494 2151 609 2244 etaim,
636 2151 736 2244 quod
750 2153 863 2249 vulgo
878 2154 997 2248 ajunt,
1023 2149 1165 2226 sannam
1174 2151 1226 2224 sa·

35 2300 42 2324 l
152 2271 280 2327 mmm·

152 2375 159 2385 ·
234 2357 289 2432 18.
315 2349 432 2424 Immo
452 2351 512 2444 qui
530 2349 637 2426 deutn
659 2349 830 2426 Oaesarem
851 2351 999 2445 dicitis,
1034 2351 1071 2424 dc
1089 2349 1225 2424 deride·

154 2451 224 2546 tis,
254 2449 409 2534 dicendo
425 2451 524 2542 quod
541 2449 618 2524 non
634 2449 705 2540 est;
723 2449 766 2524 ·&
777 2452 870 2526 male
886 2453 1023 2546 dicitis,
1047 2451 1227 2544 quianon

151 2555 236 2624 vult
261 2548 331 2624 esse
360 2550 460 2642 quod
483 2550 621 2624 dicitis:
655 2553 794 2624 mavult
819 2553 913 2626 enim
932 2552 1084 2643 vivere,
1118 2569 1226 2644 quam
1287 2625 1289 2634 ,

151 2651 255 2724 Deus
278 2645 368 2723 fieri.
420 2647 612 2740 Reliquum
635 2649 886 2726 obstinationis
911 2653 950 2724 in
974 2653 1038 2724 illo
1062 2651 1230 2745 capitulo

151 2749 357 2823 collocatis.
409 2748 523 2844 Quod
537 2769 657 2841 neque
671 2751 827 2846 gladios,
853 2773 971 2843 neque
989 2771 1135 2843 nuces,
1162 2771 1225 2822 ne·

152 2871 224 2943 que
238 2847 366 2922 bestias
383 2845 540 2939 vestras,
565 2867 644 2920 non
667 2850 809 2948 ignem,
840 2867 917 2923 non
938 2865 1144 2942 tormenta,
1171 2851 1224 2924 ob

151 2949 345 3024 duritatem
363 2965 404 3020 ac
424 2959 674 3040 contemptum
692 2951 842 3044 mortis,
869 2951 988 3024 animo
1005 2941 1286 3037 recusemusss'

153 3046 206 3122 At
224 3047 319 3122 enim
332 3047 409 3120 haec
425 3047 547 3122 omnia
568 3048 663 3140 apud
685 3051 824 3144 priores
840 3045 1062 3144 majoresque
1079 3048 1222 3124 vestros

148 3169 230 3223 non
245 3145 431 3222 contemni
448 3145 588 3239 mod0,
613 3145 797 3223 sedetiam
816 3167 944 3244 magna
959 3149 1063 3232 laude
1084 3148 1222 3242 pensari
1273 3154 1284 3196 '³

148 3248 352 3322 aevirtute
375 3245 588 3320 didicerunt.
648 3245 796 3319 Gladius
817 3263 909 3340 quot
932 3247 966 3320 dt
992 3261 1146 3340 quantos
1165 3252 1222 3322 vi-
1280 3247 1283 3308 ἕ

150 3369 213 3422 ros
228 3343 490 3422 voluntarios?
515 3345 614 3442 piget
632 3345 810 3438 prosequi.
861 3345 987 3420 Crucis
1008 3367 1101 3420 vero
1114 3351 1222 3420 novi·
1275 3354 1282 3404 l

149 3461 263 3521 tatem
281 3443 478 3520 ntimerosae
492 3441 654 3518 abstruse
672 3447 827 3544 Regulus
847 3447 966 3521 vester
986 3448 1140 3520 libenter
1160 3445 1222 3524 de·

149 3547 298 3621 ‘dicavit
354 3541 673 3640 ReginaAegypti
695 3545 814 3620 bestiis
833 3543 901 3619 suis
922 3546 982 3620 usa
1001 3545 1062 3622 est.
1112 3541 1221 3642 Ignes
1278 3541 1280 3548 ’

147 3645 232 3741 post
242 3640 557 3740 Carthaginensem
571 3643 738 3718 seminam
751 3642 947 3720 Asdrubale
964 3647 1094 3718 marito
1108 3645 1146 3718 in
1159 3667 1221 3719 ex-

72 3743 77 3752 '
149 3745 273 3818 ¹tremis
292 3743 426 3839 patriae
447 3742 726 3818 constantiorem
749 3743 923 3834 docuerat
947 3746 1120 3818 invadere
1145 3743 1221 3840 ipsa

147 3845 261 3939 Dido.
326 3842 397 3918 Sed
415 3841 650 3942 &tormenta
673 3845 800 3920 mulier
821 3843 948 3920 Attica
973 3843 1140 3942 fatigavit
1162 3859 1220 3942 tyn

207 3953 215 3978 ⁴
639 3994 646 4004 ·
706 3992 710 4000 ·
1050 3961 1169 4020 mllio
