2618 4340
134 199 141 213 ·
219 183 853 270 ·DrSr¹rrcrncur;1s.
1058 211 1105 275 et

12 341 114 423 Non
132 345 235 440 quod
252 345 390 423 idolum
410 349 454 424 fit
475 349 606 442 aliquid
625 347 703 446 (ut
720 347 921 445 Apostolus
946 350 1027 454 ait)
1044 353 1107 430 sed

14 447 124 540 quod
143 446 406 542 quartarium,
433 449 616 534 daemoniis
639 449 805 544 faciunt,
830 451 1107 532 consistentibus

11 546 159 620 scilicet
172 546 209 619 in
228 547 559 622 consecrationibus
576 549 760 626 idolorum
773 543 848 626 liv‘e
858 565 1105 648 mortuorum,
1180 614 1186 634 ,
1266 533 1268 540 ,
1298 593 1299 636 z

10 647 96 721 live
117 643 183 742 (ut
197 645 347 745 putant)
361 647 536 724 Deorum.
569 647 767 742 Propterea
783 650 910 746 igitur,
932 654 1106 744 quoniam

12 759 177 836 utraque
193 743 328 840 speeies
344 747 530 822 idolorum
549 749 772 824 conditionis
792 753 897 824 unius
917 751 991 848 est,
1019 751 1106 830 dum

11 843 213 924 mortui&
234 846 280 918 dii
295 867 407 922 unum
428 843 532 940 sunt,
559 859 712 941 utraque
731 849 939 924 idololatria
955 850 1104 928 abstine·

13 967 100 1022 mus
115 965 185 1018 nec
199 945 315 1020 minus
331 948 484 1042 templa,
511 968 617 1040 quern
630 961 868 1024 monumenta
882 949 1103 1048 despuimust

10 1057 189 1122 wneutram
205 1065 301 1120 aram
316 1049 511 1141 novimus,
545 1059 710 1132 neutram
725 1045 877 1146 effigiem
893 1049 1102 1126 adoramus:

15 1165 100 1220 non
120 1141 380 1240 sacrificamus,
406 1167 485 1222 non
501 1161 752 1242 parentamus,
778 1146 839 1222 sed
855 1169 975 1242 neque
995 1150 1041 1226 de
1053 1145 1105 1226 sa«

16 1239 189 1320 crificato
206 1243 447 1340 &parentato
463 1245 621 1340 edimus,
649 1247 732 1340 quie
750 1269 826 1322 non
837 1247 1020 1348 pollumus
1035 1270 1103 1324 coe·
1159 1297 1164 1308 ·

15 1365 107 1418 nam
119 1343 191 1418 Dei
203 1345 327 1440 edere,
356 1345 543 1420 &coenam
559 1345 829 1424 demoniorum
880 1347 917 1422 Si
935 1370 1022 1446 ergo
1041 1370 1102 1448 gu-
1120 1353 1123 1361 '

16 1445 93 1518 larn
113 1441 149 1516 dt
168 1457 334 1520 ventrem
354 1449 399 1519 ab
418 1447 694 1539 inquinamentis
716 1447 935 1544 hberarnus,
962 1463 1103 1542 quanto
1151 1508 1155 1516 .
1298 1435 1299 1510 ἶ

13 1545 136 1640 magis
156 1543 357 1641 augustiora
373 1546 524 1640 nostra,
549 1547 678 1620 oculos
703 1545 886 1640 trames,
913 1549 958 1624 ab
981 1548 1102 1624 idolo-

16 1643 138 1736 thytis
163 1643 443 1738 &necrothytis
469 1645 721 1740 voluptatibus
746 1645 987 1742 abstinemus,
1021 1669 1103 1742 qum
1161 1679 1162 1685 ¹
1261 1657 1264 1664 ’

15 1763 100 1815 non
121 1741 295 1818 intestinis
312 1747 579 1844 transiguntur,
605 1745 666 1820 sed
682 1742 813 1840 inipso
834 1743 958 1842 spiritu
978 1745 1101 1822 &ani-

14 1863 81 1918 ma
95 1841 321 1939 digeruntur:
347 1867 501 1940 quorum
513 1844 689 1922 munditia
705 1847 815 1944 magis
828 1847 873 1920 ed
885 1847 1007 1926 Deum
1018 1863 1116 1943 per,

12 1938 151 2036 tinet,
178 1963 283 2036 quam
303 1943 566 2022 intestinorum

100 2061 159 2133 14.
184 2041 295 2118 Nunc
313 2045 369 2119 int
435 2045 528 2120 ofito
552 2049 700 2122 nomine
725 2043 971 2139 idololatriae,
999 2043 1104 2138 quod

14 2138 139 2216 solurn
169 2065 551 2236 iubjedumeffifficere
582 2145 731 2226 deberet
760 2143 805 2220 ad
834 2143 1102 2229 abdicationem

16 2240 335 2340 sl’ffiflffllfflm,
369 2246 436 2323 alia
452 2245 525 2338 jam
550 2246 692 2320 ratione
711 2243 899 2322 etaemus
923 2265 968 2319 ex
990 2245 1099 2319 abun·
1198 2269 1211 2335 '.

16 2341 142 2416 danti:
168 2357 319 2436 propter
335 2365 400 2418 eos
410 2345 564 2420 maxime
578 2345 638 2437 qui
649 2345 712 2422 srbi
722 2343 979 2437 blandiuntur,
999 2343 1100 2438 quod

16 2463 99 2516 non
117 2444 331 2520 nominatim
350 2443 560 2520 abstinentia
583 2441 647 2519 ista
669 2441 871 2542 praescripta
890 2441 966 2537 srt,
1003 2441 1101 2537 quafi
1123 2505 1125 2514 Α

15 2561 146 2638 parom
165 2543 272 2618 etiarn
297 2543 341 2619 de
364 2543 569 2640 spectaculis
593 2543 873 2640 pronuntiem,
904 2564 986 2618 curn
1012 2561 1099 2616 con·

16 2639 638 2840 tremerem
663 2741 1097 2818 n

15 2761 132 2914 g&
148 2763 356 2938 f{rldrlupta’tis
383 2795 676 2942 concupiscentia
696 2821 758 2920 est„
807 2763 1100 2940 speciesgautem
1181 2805 1183 2816 ³

16 2940 223 3034 voluptatis
242 2944 350 3018 etiam
364 2940 570 3038 spectacula
609 2939 775 3037 Opinor,
800 2943 1014 3039 generaliter
1029 2961 1099 3016 no·
1252 3037 1254 3042 ,

9 3041 163 3134 ,minate
180 3041 478 3138 concupiscentiae
495 3045 688 3118 continent
705 3042 743 3116 in
758 3039 793 3116 se
810 3041 845 3116 dt
863 3045 1097 3140 voluptates:

18 3135 152 3232 Aeque
168 3142 381 3236 generaliter
396 3141 585 3218 intellec'tae
608 3143 819 3236 voluptates
840 3138 1040 3236 specialiter
1060 3139 1098 3214 dt

16 3239 58 3314 ln
76 3236 276 3333 spectacula
298 3240 521 3320 dilsenmtur.
588 3239 760 3316 Ceterum
785 3242 971 3318 retulimus
994 3237 1098 3336 supra

18 3337 66 3413 de
83 3339 252 3415 locorum
268 3341 503 3437 conditione,
530 3340 629 3434 quod
648 3361 726 3415 non
742 3361 807 3437 per
821 3337 1006 3438 semetipsa
1025 3359 1096 3414 noe

16 3439 237 3534 inquinent,
272 3437 333 3516 sed
350 3461 416 3537 per
443 3463 487 3516 ea
502 3463 583 3535 qnae
602 3442 677 3516 illic
699 3451 898 3538 geruntur,
931 3457 1097 3534 perque

14 3538 119 3736 Qu
134 3537 445 3632 inquinamentum
466 3539 733 3633 combiberint,
760 3539 946 3616 tuncorin
960 3541 1104 3616 alteror

93 3759 153 3827 ις.
177 3737 324 3814 Viderit
340 3760 452 3838 ergo,
477 3750 520 3814 ut
540 3737 718 3833 diximus,
744 3738 948 3836 principalis
969 3737 1095 3812 tibrlue

16 3831 265 3948 idololatriae,
282 3840 436 3934 reliquas
453 3837 605 4012 ipsartffr
617 3859 736 3916 rerum
756 3838 945 3932 qualitates
966 3849 1097 4009 cgntra

611 3960 632 4032 3
860 4028 867 4041 ,
1013 3957 1046 4010 er
