2612 4328
31 163 32 172 Ν
90 283 97 292 ,
169 213 240 302 308
315 197 365 301 Q.
391 193 697 274 severana.
726 193 1093 284 Turroaarnrer

173 363 294 442 omnia
308 359 373 434 suo
391 349 530 432 autore.
581 353 618 432 Si
634 373 743 432 vacat
764 359 894 452 aliquid
915 357 1017 453 spatii
1031 361 1178 453 aliotjus
1198 357 1249 435 di·

171 461 317 540 vinitati
332 461 370 533 in
384 458 578 551 creaturis,
604 459 711 553 plane
727 452 817 532 falsae
831 461 986 535 vacabit.
1024 457 1129 532 Patet
1146 461 1245 536 men·

149 587 156 598 ·
172 564 278 638 dacio
299 559 444 634 veritas.
479 556 601 630 Tanta
620 557 676 630 vis
690 557 896 652 idolorum,
923 579 986 632 cur
1000 581 1077 632 non
1093 561 1246 654 recipiat

173 663 303 739 alicubi
330 661 455 734 Deum
477 656 703 732 Marcionis?
737 657 851 756 Igitur
878 679 924 731 ex
949 659 1067 734 forma
1088 657 1183 754 hoc,
1211 659 1247 734 dc

173 761 373 854 creatoris,
392 757 620 852 expostulo,
654 756 775 830 Deum
796 779 842 831 ex
870 759 1041 852 operibus
1074 757 1245 855 cognosci

172 859 342 940 debuisse·
356 859 503 950 alicujus
526 856 664 952 proprii
689 857 740 930 sui
759 857 882 932 mundi
904 858 937 930 dc
960 859 1114 932 hominis
1138 859 1173 933 dt
1196 857 1245 935 se·

39 1040 42 1048 Δ
85 955 89 966 ’
174 963 261 1037 culi:
291 959 449 1062 Quando
465 959 573 1032 etiam
588 975 692 1029 error
710 958 808 1032 orbis
826 971 1020 1052 propterea
1032 958 1136 1032 Deos
1156 977 1245 1052 prae·

170 1060 378 1156 sumpserit,
404 1079 497 1151 quos
521 1057 685 1130 homines
706 1057 887 1134 interdum
907 1053 1128 1150 confitetur,
1155 1079 1245 1150 quo·

86 1203 91 1212 ·
170 1165 269 1240 niam
297 1162 340 1233 ab
368 1175 591 1250 unoquoque
612 1154 839 1250 prospetlum
861 1158 1007 1232 videtur
1028 1159 1242 1232 utilitatibus

134 1327 138 1339 .
171 1263 208 1337 u
226 1258 427 1336 commodis
449 1258 555 1330 vitae:
573 1305 575 1312 ι
592 1257 643 1328 ita
663 1255 699 1329 dc
722 1257 796 1330 hoc
825 1279 871 1332 ex
891 1257 1011 1332 forma
1031 1255 1101 1330 Dei
1133 1257 1243 1332 credi·

76 1427 79 1437 .
168 1375 249 1436 tum
274 1357 326 1433 est
350 1357 512 1430 divinum
544 1353 634 1448 else,
669 1355 852 1431 instituere
880 1357 943 1431 vel
977 1355 1243 1455 demonstrare,

172 1461 257 1554 quid
280 1471 403 1558 apuam
421 1453 455 1529 &
472 1453 702 1530 necessarium
716 1455 759 1530 srt
782 1459 891 1530 rebus
912 1457 1085 1534 humanis.
1136 1455 1245 1533 Adeo

164 1561 255 1636 inde
273 1557 448 1631 autoritas
470 1556 764 1650 accommodata,
789 1555 814 1630 s1
834 1555 926 1632 falsa
950 1557 1154 1650 divinitati,
1180 1579 1243 1632 un·

134 1697 136 1702 v
170 1661 218 1734 de
242 1654 464 1753 praecesserat
487 1675 605 1744 uerter
646 1675 753 1730 umam
776 1653 888 1730 saltim
912 1657 1123 1731 cicerculam
1144 1655 1244 1732 Deua

170 1757 374 1836 Marcionis
400 1757 583 1849 propriam
608 1753 794 1848 protulisse
824 1757 1019 1850 debuerat,
1054 1771 1096 1828 ut
1121 1778 1246 1832 novus

169 1860 297 1951 aliquis
313 1855 562 1950 Triptolemus
577 1852 840 1947 praedicaretur.
891 1855 969 1930 Atat
989 1857 1118 1932 exhibe
1135 1857 1246 1930 ratio·

170 1979 255 2036 nem
274 1957 360 2032 Deo
380 1956 543 2052 dignam,
569 1973 638 2026 cur-
656 1955 744 2037 m'hil
763 1955 983 2050 condiderit,
1009 1957 1036 2032 fi
1060 1955 1136 2030 est?
1163 1958 1248 2050 quia

139 2145 143 2158 ἱ
173 2054 407 2150 condidisset,
441 2050 628 2146 fifdffet,
664 2054 728 2128 illo
754 2055 889 2128 scilicet
910 2057 1137 2150 praejudicio,
1171 2075 1262 2148 quo·

171 2159 209 2232 dc
232 2153 395 2230 nostrum
421 2153 543 2228 Deum
580 2173 657 2226 non
695 2153 779 2228 alias
815 2155 1035 2231 manifestum
1068 2153 1120 2228 est
1152 2153 1244 2250 else,

121 2275 127 2296 ·
173 2279 280 2352 quam
302 2256 384 2348 quia
409 2265 530 2330 totum
560 2253 722 2328 condidit
751 2255 836 2330 hoc.
898 2253 1015 2348 Semel
1038 2257 1132 2328 enim
1156 2267 1255 2346 pra·-

171 2357 320 2452 scriptio
343 2354 478 2449 stabit,
517 2373 595 2428 non
621 2351 720 2447 posse
749 2349 832 2429 illo's
870 2353 1047 2430 &Deum
1075 2351 1246 2430 confiteri

155 2469 401 2554 creatorem,
429 2453 464 2527 u
482 2475 588 2548 eum,
612 2473 717 2544 quem
731 2456 865 2530 volunt
879 2475 979 2548 aeque
996 2455 1115 2529 Deum
1131 2455 1245 2550 credi,

172 2577 250 2632 non
265 2557 311 2630 ad
330 2555 405 2648 ejus
422 2553 575 2628 formam
588 2556 769 2647 probare,
803 2573 909 2646 quem
930 2553 1041 2648 &ipsa
1063 2557 1097 2628 u
1116 2575 1246 2628 omncs

172 2657 312 2734 Deum:
337 2669 380 2727 ut
402 2655 545 2746 quando
567 2655 640 2726 hoc
661 2651 738 2746 ipso
759 2675 869 2726 nemo
899 2669 1099 2728 creatorem
1123 2653 1248 2728 Deum

171 2757 336 2848 dubitet,
375 2753 457 2846 quia
481 2768 602 2828 totum
628 2755 702 2828 hoc
724 2753 906 2847 condidit,
938 2755 1013 2828 hoc
1034 2751 1110 2848 ipso
1134 2773 1245 2828 nemo

93 2937 104 2966 ·
172 2855 305 2930 debeat
328 2855 475 2926 credere
497 2853 618 2926 Deum
646 2852 821 2946 uilium,
856 2855 916 2946 qui
942 2853 1030 2928 nihil
1061 2852 1247 2948 condidit,

172 2955 237 3029 nisa
255 2955 349 3028 ratio
366 2951 463 3026 forte
478 2952 695 3044 proferatur.
745 2952 895 3046 Duplex·
913 2953 976 3027 ista
997 2954 1164 3026 uideatur
1185 2977 1245 3028 ne·

174 3051 268 3129 cesse
287 3053 363 3146 est,
388 3065 432 3123 ut
447 3067 508 3124 aut
520 3053 679 3128 noluerit
698 3051 857 3126 condere
874 3053 982 3146 quid,
1006 3067 1158 3126 autnon
1180 3073 1247 3147 po·

127 3211 129 3217 2
172 3156 296 3230 tuerit.
347 3149 515 3226 Tertium
532 3150 663 3242 cessat,
696 3153 847 3226 sednon
869 3151 1044 3246 potuisse,
1061 3152 1249 3248 indignum

172 3255 260 3332 Deo
289 3251 349 3330 est.
413 3249 601 3346 Noluisse,
639 3273 685 3326 an
720 3251 883 3348 dignum,
927 3254 1021 3326 volo
1051 3254 1247 3343 inquirere.

171 3353 246 3430 Dic
274 3354 360 3430 mihi
390 3349 580 3444 Marcion,
621 3352 859 3424 voluitlleus
887 3363 970 3424 mats
993 3350 1162 3448 cognosci
1188 3350 1246 3444 se,

128 3507 132 3512 -
172 3473 391 3546 quocunque
410 3452 652 3544 intempore,
687 3471 733 3523 an
756 3450 860 3523 nonl
896 3453 968 3524 alio
993 3450 1249 3548 proposito&

82 3630 85 3636 ,
170 3554 356 3627 descendit
371 3551 407 3624 dr
423 3550 635 3643 praedicavit
649 3547 683 3621 dc
697 3548 811 3642 passus
826 3548 1042 3644 resurrexit,
1069 3571 1176 3642 quam
1193 3549 1250 3624 uti

172 3647 483 3749 cognosceretur?
510 3647 559 3721 Et
577 3649 649 3722 sme
665 3649 801 3742 dubio,
835 3649 1042 3746 srcognitus
1064 3648 1142 3743 est,
1180 3669 1250 3724 vo·

170 3753 259 3840 luit;
285 3752 373 3825 nihil
394 3749 593 3822 enimcirca
612 3771 693 3822 eum
708 3746 832 3843 fieret,
857 3749 919 3822 nist
938 3749 1118 3826 voluisset
1146 3745 1251 3846 Quid

169 3871 260 3950 ergo
276 3863 470 3944 tantopere
489 3849 662 3926 noticiam
679 3847 728 3923 sui
745 3849 985 3948 procuravit,
1017 3865 1061 3926 ut
1077 3851 1114 3922 in
1139 3847 1250 3924 dede·

867 3964 871 3972 ’
1099 3965 1190 4022 core
