2618 4340
276 123 860 254 Dr3Sracraeu-urs.
976 133 1112 263 λη

35 341 90 397 rus
106 319 230 398 docet.
282 317 355 394 Sed
370 319 405 392 u
418 317 613 414 Neptunus
623 320 792 414 equestris
803 321 871 409 est,
888 341 997 416 quern
1012 323 1113 422 Gtaes
1274 374 1275 389 κ

36 417 209 498 dinnao
227 419 428 515 appellant,
450 421 509 494 De
522 422 613 515 jugo
625 443 729 508 vero
744 421 929 522 quadrigas
946 424 1034 524 soli,
1058 427 1112 503 bi·

34 541 89 624 ges
101 523 197 598 lunae
214 518 418 614 sanxertmt.
470 519 542 594 Sed
564 519 599 595 dt

81 667 212 740 i'riams
233 660 473 738 Erichthonius
488 657 604 735 currus
619 659 660 742 di
673 677 812 767 quotuor
829 663 923 756 orsus

83 787 352 884 Jurrgereequos,
376 779 559 886 rapidusque
573 789 656 858 rotis
671 783 806 882 inssflerr
817 783 937 862 artior.

33 965 290 1060 Erichthonius
310 979 493 1060 Minerva
516 981 552 1058 dc
579 981 737 1058 Vulcani
758 970 883 1080 filius,
915 979 1114 1076 &quidem
1215 1003 1225 1020 ’

34 1081 78 1156 de
94 1083 228 1158 caduce
240 1083 277 1156 in
291 1097 426 1158 terram
444 1084 615 1178 libidine,
638 1096 853 1180 portentum
868 1083 921 1162 est
942 1083 1111 1158 daemoni·

33 1203 137 1276 caan,
160 1183 235 1258 imo
253 1182 417 1258 diabolus
428 1182 522 1278 ipse,
548 1205 627 1257 non
643 1183 805 1260 coluber.
856 1181 1114 1260 SiveroTro·
1228 1245 1229 1250 a

33 1279 146 1354 chilus
166 1283 324 1379 Argivus
350 1281 475 1358 sudor
498 1279 549 1358 est
570 1304 726 1384 currus,
766 1283 884 1378 primo
907 1281 1045 1382 Junoni
1072 1276 1113 1358 id

33 1401 127 1472 opus
145 1377 242 1456 suum
261 1379 455 1459 dedicavit.
506 1383 543 1456 Si
558 1381 686 1458 Roma
705 1379 882 1470 Romulus
903 1379 1113 1482 quadrigam
1191 1392 1195 1400 '

31 1479 166 1576 primus
181 1479 359 1576 ostendit,
383 1495 478 1578 puto
495 1480 620 1576 &ipse
639 1483 736 1558 inter
753 1483 852 1558 idola
869 1477 1112 1578 conscriptas,
1146 1485 1150 1493 '
1207 1565 1209 1568 ,

31 1577 171 1654 uidem
194 1579 246 1656 est
269 1579 455 1682 Quirinus.
517 1579 669 1656 Taurus
698 1581 903 1657 sudoribus
931 1581 1112 1680 quadriga

31 1678 235 1773 produiiae,
248 1682 381 1756 merito
399 1681 572 1780 &aurigis
590 1681 777 1758 coloribus
787 1681 1032 1758 idololatriam
1046 1703 1111 1758 ve·

31 1775 202 1873 (uenat,
221 1779 257 1854 dt
273 1781 316 1856 ab
331 1780 437 1853 initio
449 1779 522 1855 duo
535 1779 600 1854 soli
616 1779 783 1875 fuerunt,
802 1779 1110 1857 annotarem.

31 1877 150 1952 Albus
167 1879 312 1976 hyemi,
337 1883 387 1954 ob
408 1881 513 1956 nives
535 1879 729 1968 candidas:¹
747 1877 883 1956 ruiieus
898 1879 1030 1976 estad,
1057 1879 1111 1956 ob
1257 1924 1263 1937 ι

31 1976 114 2053 solis
131 1979 304 2054 ruborem
317 1980 402 2054 voti
421 1995 534 2055 erant:
584 1979 654 2056 Sed
671 1979 796 2076 postea
810 1993 886 2058 tarn
899 1979 1110 2076 voluptate,

31 2100 136 2172 quarn
156 2077 408 2176 superstitione
423 2077 622 2174 provehe,
647 2077 800 2156 russ'eunr
813 2081 871 2156 alii
887 2079 1023 2176 Marti,
1050 2079 1112 2155 alii

31 2179 149 2254 album
163 2179 343 2274 Zephyris
360 2177 683 2254 consecraverunt:
704 2179 884 2256 Praiinum
898 2195 1111 2254 veroterrae

31 2281 133 2354 matri
149 2280 218 2355 vel
235 2299 380 2374 verno,
406 2279 593 2354 Venetam
613 2281 707 2356 coelo
726 2280 762 2354 u
779 2279 895 2374 mari,
925 2279 989 2354 vel
1009 2294 1115 2352 autu·

31 2398 125 2456 mno.
180 2377 275 2454 Cum
289 2393 409 2454 autern
424 2376 541 2454 omnis
557 2378 693 2474 speeies
709 2377 925 2468 idololatriae
945 2377 1112 2456 damnata

31 2477 67 2552 ht
83 2501 104 2552 a
118 2477 241 2573 Deo,
264 2479 392 2573 utique
411 2479 518 2555 etiarn
537 2481 598 2556 ille
616 2479 829 2578 damnatur,
854 2497 933 2576 quae
954 2479 1111 2556 elemea·
1261 2587 1264 2595 ι

31 2575 333 2658 u'smrmdialibus
349 2575 576 2674 profanatur.
849 2685 852 2694 ‚

100 2741 161 2798 ιο.
187 2715 429 2794 Transeamus
445 2717 489 2794 ad
502 2715 658 2796 scenicas
677 2741 759 2816 res,
784 2719 982 2816 quartando
1000 2719 1112 2816 origi-

31 2838 105 2894 nem
125 2838 386 2916 communem,
410 2817 446 2894 δι
462 2821 589 2895 titulos
606 2843 710 2916 pares
729 2821 923 2896 secundum
939 2819 1047 2915 ipsarn
1063 2821 1110 2895 ab
1220 2897 1222 2904 ,

31 2913 129 2994 nitio
144 2919 321 2996 ludorum
335 2919 1110 3014 appeliationem&adrninistrationerncon

31 3017 184 3104 undam
201 3039 287 3094 cunr
303 3039 345 3092 re
365 3017 519 3114 equestri
533 3021 605 3115 jam
622 3021 851 3111 ostendimus.
905 3017 938 3091 A
990 3031 1111 3092 natus

31 3120 132 3196 etiarn
147 3141 199 3194 ex
221 3139 264 3192 ea
287 3135 391 3214 parte
408 3119 623 3215 consortes,
650 3141 728 3213 quae
743 3121 787 3194 ad
802 3119 941 3194 scenam
971 3117 1129 3214 peiiatr,

31 3234 103 3294 tarn
120 3243 144 3294 e
163 3217 312 3314 templis
330 3219 447 3293 &aris
458 3252 484 3316 ‚a
499 3219 533 3293 dr
549 3219 610 3312 illa
621 3219 833 3295 infelicitate
848 3219 961 3296 thuris
980 3215 1015 3290 δι
1034 3215 1110 3290 sarr·

31 3321 142 3418 goirris
169 3319 272 3393 inter
296 3319 401 3396 tibias
425 3320 460 3392 do
477 3321 582 3394 tubas
597 3322 699 3415 itur,
723 3320 865 3394 duobus
883 3315 1109 3412 inquinatiili·

31 3421 86 3494 nis
103 3419 282 3512 arbitris,
306 3417 476 3494 frrncrunr
492 3419 743 3514 &sacromm,
768 3416 1109 3516 defignatoredtha-

31 3517 179 3616 aspice.
228 3513 382 3596 -lta'cum
402 3520 446 3594 de
465 3520 664 3694 originibus
675 3520 848 3595 'ludorum
860 3518 905 3593 ad
921 3513 1109 3590 Circenses
1137 3597 1142 3610 ,

31 3621 240 3714 uanflmars,
267 3621 353 3694 inde
372 3641 513 3694 nunca
550 3617 712 3707 scenicos
728 3621 834 3694 ludos
855 3617 1061 3713 (fingimus,
1087 3633 1110 3691 a
1165 3627 1168 3634 '

31 3721 95 3812 ioci
115 3717 236 3796 vicio.
285 3713 485 3794 Theatrum
502 3721 652 3816 proprie
668 3717 858 3794 sacrarium
870 3717 1028 3791 Veneris
1044 3711 1108 3790 eu„

31 3813 109 3898 hoc
129 3819 297 3920 denique
313 3821 435 3896 -nrodo
455 3819 495 3896 id
512 3839 626 3920 genus
648 3821 772 3914 operis
786 3821 827 3896 in
841 3815 963 3897 seculo
984 3815 1107 3892 erait„

31 3913 219 4026 uerri.
252 3909 406 4016 Tma-
592 3941 595 3949 ·
657 3919 734 4000 B„
761 3975 794 4035 .·
959 3913 1057 3999 Nau
