2582 4322
184 149 260 272 388
349 157 557 272 Qssrer.
585 165 720 242 Fron.
752 163 1105 249 Trnrvttrrut.

159 291 160 294 i
189 331 413 424 hominibus,
437 329 500 403 ulfi
516 331 553 402 in
569 317 755 403 substantia
769 330 931 411 humant.
967 293 1097 406 innata
1115 341 1247 425 antem,

23 417 24 444 ³
182 434 274 526 quia
291 429 385 516 solut
403 420 558 504 Christus
573 431 610 502 in
630 449 769 504 carnem
782 448 826 501 ex
844 451 947 502 carne
963 426 1054 507 nasci
1068 429 1247 524 habebat,

182 541 233 606 ut
246 529 469 610 nativitatem
484 527 640 602 nostram
658 530 846 605 nativitate
863 527 922 601 sua
937 528 1171 620 reformaret3
1199 543 1246 604 at

182 651 262 722 que
278 629 329 702 ita
342 628 449 704 etiarn
468 641 622 702 mortem
643 627 798 703 nostrum
823 641 941 702 morte
961 626 1020 703 sua
1040 627 1249 704 dissolveret

190 724 406 824 resurgendo
428 727 619 820 incarne,
653 728 690 800 in
712 747 779 819 qua
805 742 908 800 natus
930 727 1001 819 est,
1034 741 1074 802 ut
1098 725 1133 800 δι
1155 730 1246 806 rnon'

184 825 318 922 :possea
369 825 529 918 ideoque
543 828 577 900 u
590 823 662 922 ipse
678 847 759 903 cum
773 826 904 920 angelis
916 839 1007 900 tunc
1022 827 1117 922 apud
1131 825 1246 902 Abra-

189 927 273 1002 ham
288 927 326 1000 in
343 927 498 1000 veritate
513 925 653 1018 quidem
673 915 985 1018 carnisanparui‘t,
1010 923 1071 1002 sed
1087 928 1247 1003 nondun

182 1037 302 1119 mutu,
328 1025 410 1121 quia
422 1025 580 1098 nondum
595 1025 790 1118 morinuae,
815 1021 875 1098 sed
892 1025 925 1120 dt
938 1021 1099 1101 discentis
1115 1029 1187 1102 iarn
1199 1029 1248 1102 in·

189 1139 248 1200 ter
267 1125 430 1200 homines
455 1119 669 1200 conversari.
721 1125 808 1222 Quo
828 1125 936 1218 tnagis
958 1125 1095 1220 angeli,
1130 1147 1248 1219 neque

49 1234 53 1244 ⁴
184 1223 237 1298 :ed
258 1221 482 1298 moriendum
507 1242 576 1314 pro
605 1223 710 1296 nobis
742 1223 918 1317 dispositi,
951 1223 1101 1298 brevem
1135 1229 1249 1300 carth

191 1335 429 1398 commeatum
450 1339 527 1398 non
546 1321 746 1394 debuerunt
762 1319 942 1396 nascendo
961 1321 1133 1418 sumsisse,
1170 1328 1250 1418 quia

104 1442 110 1451 ·
183 1439 261 1498 nee
273 1419 464 1496 moriendo
480 1419 671 1514 deposituri
687 1441 764 1498 eant
775 1421 929 1510 fuerant,
954 1419 1014 1498 sed
1026 1423 1121 1499 tunde
1137 1421 1249 1522 sung)

190 1533 287 1614 tarn,
313 1519 509 1614 &quoquo
522 1519 634 1594 modo
643 1521 792 1597 omnino
808 1519 972 1597 dimiffam
1019 1518 1250 1600 mehtitinon

185 1616 291 1710 sun't3
323 1618 349 1696 fi
366 1630 508 1694 creator
523 1619 610 1692 facit
630 1621 774 1715 angelos
792 1617 952 1714 spiritus,
978 1576 1252 1715 drapparitorer

190 1717 274 1798 suos
308 1718 425 1815 ignem
449 1718 673 1814 flagrantem:
707 1731 780 1792 tarn
803 1739 891 1793 vere
916 1717 1052 1813 spiritus
1078 1743 1191 1812 quarn
1223 1724 1252 1796 dr

190 1817 331 1915 ignem,
358 1817 451 1892 idern
468 1819 550 1890 illos
573 1835 659 1906 vere
678 1815 765 1892 fecit
783 1817 818 1892 δι
839 1839 998 1892 carnem:
1022 1833 1064 1890 ut
1080 1840 1185 1894 nunc
1205 1843 1252 1894 re·

191 1915 382 1990 condemur
396 1915 431 1989 u
443 1913 617 1990 hereticis
634 1915 901 2009 renunciemus,
928 1919 1002 2010 ejus
1018 1917 1087 1992 elle
1106 1919 1253 2012 pronus

190 2013 279 2107 sum,
304 2014 466 2088 homines
482 2015 518 2088 in
534 2015 679 2110 angelos
694 2014 911 2090 reformandi
927 2015 1176 2114 quandoque,
1203 2021 1255 2114 qui

191 2116 337 2210 angelos
362 2113 399 2186 in
423 2113 586 2188 nominet
613 2113 775 2188 formarit
800 2115 997 2208 aliquando.

161 2215 183 2290 “,
279 2231 335 2298 ro.
370 2211 482 2308 lgittu
511 2233 599 2289 non
618 2211 782 2296 admill'us„
807 2213 850 2286 ad
882 2213 1101 2290 consortium
1136 2241 1255 2296 εκειιι

191 2312 335 2408 plorum
356 2313 552 2403 creatoris,
576 2326 618 2384 ut
642 2313 864 2404 alienorum,
890 2313 924 2386 δι
946 2313 1020 2388 suas
1042 2315 1257 2396 habentium

192 2410 330 2504 causat,
364 2411 475 2490 velim
498 2409 580 2486 edas
606 2409 639 2484 u
663 2409 734 2504 ipse
761 2412 943 2488 consilium
966 2412 1037 2486 Dei
1062 2415 1145 2511 tui,
1186 2439 1258 2512 qun

193 2507 369 2584 Christum
394 2505 493 2586 suum
513 2530 588 2584 non
613 2511 650 2584 in
671 2511 824 2586 veritate
852 2514 965 2584 carnis
995 2514 1208 2610 exhibuit,
1238 2519 1258 2594 i

192 2605 394 2700 aspernatus
409 2608 461 2682 est
475 2609 569 2682 illarn
581 2623 623 2682 ut
635 2623 824 2702 terrenam,
850 2609 956 2704 &sut
965 2611 1105 2710 dicitis)
1122 2615 1257 2690 sterce

180 2707 289 2780 ‘ribus
310 2705 494 2800 infersam,
520 2725 583 2780 cur
600 2728 674 2782 non
693 2707 727 2780 δι
747 2709 988 2784 simulachrum
1006 2711 1082 2804 elus
1098 2717 1258 2806 proinde

184 2803 374 2904 despexit?
398 2803 542 2880 Nullius
559 2807 651 2882 enirn
667 2807 893 2902 dedignandae
909 2809 961 2885 rei
975 2807 1095 2905 imago
1111 2814 1149 2886 di
1153 2837 1258 2912 gnare

178 2905 238 2978 da
257 2903 318 2980 est.
369 2903 534 2997 Sequitur
558 2904 686 2980 statum
706 2905 906 2982 similitudo.
967 2907 1038 2982 Sed
1063 2917 1259 3002 quomodo

192 3003 287 3077 inter
302 3004 464 3078 homines
486 3001 795 3097 conversaretur,
810 3005 871 3078 nisr
891 3028 954 3099 per
971 3008 1170 3104 imaginem
1186 3014 1259 3088 suh

192 3101 326 3182 stantiae
347 3102 535 3176 humanae?
562 3101 634 3176 Cur
649 3125 734 3202 ergo
752 3123 828 3180 non
874 3106 969 3178 edne
981 3127 1046 3197 per
1061 3112 1261 3188 veritatem

191 3215 233 3274 ut
253 3220 342 3274 vere
365 3199 660 3296 conversaretur,
686 3203 711 3275 li
733 3223 822 3277 nece
852 3225 870 3276 e
890 3204 1043 3286 hahebat
1063 3212 1263 3286 conversa·

190 3297 250 3386 ti?
277 3302 427 3400 Quanto
445 3300 581 3396 dignius
597 3299 777 3375 necellitas
792 3295 923 3396 fidem,
952 3323 1054 3394 quarn
1071 3303 1262 3408 stropham

176 3395 485 3472 administrasset?
517 3397 608 3470 Satis
634 3393 795 3472 miserum
815 3399 933 3477 Deum
956 3401 1109 3477 instituis
1128 3461 1147 3501 ,
1190 3413 1261 3484 hoc

65 3585 66 3590 Ν
189 3493 293 3590 ipso,
319 3495 417 3586 quod
432 3494 607 3572 Christum
623 3495 721 3573 sutun
741 3519 818 3573 non
839 3501 960 3592 potuit
973 3501 1175 3601 exhibere,
1204 3505 1261 3581 nii

173 3593 226 3668 :in
243 3593 396 3689 indigna
411 3594 463 3668 rei
484 3591 619 3691 effigie,
654 3595 845 3690 &quidem
869 3600 998 3675 alienu.
1048 3597 1262 3698 Aliquantis

191 3689 284 3762 enim
308 3691 458 3788 indignis
477 3695 676 3768 conveniet
701 3699 777 3790 uti,
812 3695 985 3770 sinostris
1014 3698 1106 3774 ficut
1134 3706 1267 3780 alienu

173 3805 265 3868 uon
287 3805 463 3889 congruet
475 3791 550 3889 uti,
576 3795 662 3868 licet
675 3795 798 3894 dignis.
847 3783 922 3872 Cur
937 3799 1030 3873 eninr
1043 3821 1126 3878 uon
1146 3804 1190 3876 in
1208 3805 1264 3894 ale

231 3955 234 3964 .
1142 3923 1226 3995 qua
