2582 4322
251 199 1052 308 nnuaasusMnactonau.L1n,ll
1117 224 1185 304 '349

116 383 190 448 eet
203 365 441 466 integritatem
459 365 615 464 imaginis
635 363 915 440 &similitudinis
940 363 1184 464 mignaveria,

115 488 268 544 corona
287 468 426 542 decoris
444 464 538 562 (hoc
554 478 596 536 ut
611 461 877 540 eminentiffimo
892 467 1119 560 angelorum,
1143 485 1186 542 ut

111 568 364 664 archangelo,
388 577 431 638 ut
454 563 695 657 sapientiffimo
716 561 895 660 omnium)
909 564 945 637 in
970 565 1103 642 deliciis
1126 587 1185 658 pa·

109 665 228 742 radin
244 663 315 740 Dei
329 665 382 738 tui
404 677 507 738 natua
529 684 577 736 ea.
626 661 702 736 lllic
720 663 837 755 eninr,
862 663 923 736 ubi
943 661 1186 740 Deuasecun·

111 767 170 842 da
185 766 385 841 diurnalium
396 759 515 860 figura
530 759 747 837 formatione
759 761 906 860 angelos
920 757 1075 856 fenerat,
1101 765 1186 858 lapi·

111 865 209 940 dem
242 865 417 958 optimum
449 859 591 936 indutus
625 883 692 956 ee,
735 859 924 954 Sardium,
950 860 1184 957 Topazum,

106 963 372 1060 smaragdum,
392 957 912 1056 Carbunculumpdapphirum,
931 959 1182 1056 Jaspimbyn-
1211 1033 1214 1040 .

109 1063 282 1156 curium,
308 1057 491 1152 Achaten,
519 1057 784 1154 Amethystum,
811 1057 1092 1154 chrysolithum,
1117 1061 1183 1136 Be·

106 1161 281 1256 tyllum,
307 1155 555 1251 Onycnnum,
584 1158 618 1234 dt
640 1179 727 1234 auro
753 1155 895 1252 replesti
917 1160 1047 1234 horrea
1067 1161 1183 1234 nra&

90 1255 308 1334 ¹thesauros
325 1271 420 1334 tuos.
451 1257 507 1332 Ex
523 1261 662 1354 quadie
678 1258 843 1333 conditus
861 1279 922 1350 es,
949 1277 1029 1336 cum
1047 1255 1181 1334 Cheru-

107 1361 198 1436 bim
221 1357 322 1454 posui
345 1357 437 1435 tein
462 1371 586 1432 monte
610 1355 727 1434 ranno
749 1356 845 1448 Dei,
878 1357 978 1432 suilli·
1000 1359 1037 1432 in
1059 1358 1179 1432 medio

109 1457 279 1552 lapidum
308 1458 514 1554 igneorum,
546 1455 639 1532 bristi
670 1457 953 1549 invituperabilis
984 1457 1021 1534 in
1052 1457 1178 1532 diebus

106 1557 217 1648 tuis,
253 1575 299 1632 ea
324 1577 393 1648 qua
418 1555 476 1630 dia
500 1554 665 1630 conditus
686 1575 747 1648 ee,
782 1557 899 1628 donec
921 1559 1076 1656 inventa
1098 1555 1179 1632 sunt

110 1653 252 1734 lesurae
269 1669 356 1730 tuo:
383 1654 428 1728 de
440 1655 670 1732 multitudine
683 1653 941 1750 negociationis
954 1666 1023 1726 tuae
1036 1675 1178 1747 promas

109 1769 203 1828 tuas
220 1751 376 1847 replesti,
402 1751 436 1828 dt
454 1751 650 1845 deliquisti,
676 1751 872 1838 &cutem
898 1773 973 1846 quae
988 1753 1032 1826 nd
1046 1752 1179 1850 sugilla-

108 1851 511 2028 neennn
537 1851 1179 2046 nee

210 2006 211 2010 e
260 2019 261 2022 p
517 2005 529 2045 ‚
1163 1995 1177 2008 .

109 2047 235 2128 radiso
255 2049 326 2122 Dei
344 2049 529 2142 notuerit,
554 2071 602 2126 ne
615 2049 686 2144 ipse
707 2049 848 2142 quldem
869 2047 1005 2146 Adam,
1031 2053 1178 2126 transla-

110 2163 176 2224 tus
194 2147 315 2244 potius
331 2146 432 2224 illuc:
445 2169 525 2222 nec
542 2171 623 2222 cum
640 2148 830 2226 Cherubim
843 2149 976 2240 politus
991 2151 1029 2225 in
1050 2161 1177 2226 monte

111 2247 238 2328 saneto
256 2245 350 2340 Dei,
371 2245 479 2326 idest
496 2248 534 2320 in
554 2246 761 2328 sublinitate
779 2245 929 2339 coelesti,
960 2247 1004 2322 de
1027 2267 1097 2340 qua
1116 2247 1175 2322 Sa·

110 2353 227 2430 tanam
249 2345 413 2420 dominus
432 2365 576 2440 quoque
600 2345 762 2420 decidiffe
786 2343 952 2421 testatur:
988 2369 1056 2421 nec
1081 2349 1176 2420 inter

110 2445 252 2541 lapides
269 2445 395 2542 igneos
416 2445 641 2535 demoratus,
666 2447 759 2518 inter
777 2459 991 2542 gemmantes
1012 2445 1175 2536 syderum

113 2545 316 2622 ardentium
330 2544 462 2632 radios,
480 2543 582 2616 ¹unde
597 2544 701 2620 etiam
717 2545 809 2634 quasi
822 2541 872 2616 ful
922 2561 939 2612 r
955 2540 1108 2634 delettus
1123 2541 1174 2620 est

113 2643 275 2720 Satanae.
324 2642 393 2718 Sed
408 2639 478 2736 ipo
498 2653 602 2716 autor
620 2639 734 2716 delini
752 2641 790 2714 in
809 2659 957 2734 perona
974 2647 1173 2734 peccatoris

113 2744 185 2816 uiri
210 2741 466 2836 denotabattu,
489 2753 591 2816 retro
617 2739 759 2834 quidem
780 2741 1058 2834 invituperabilis
1077 2763 1097 2816 a
1114 2743 1172 2816 die

114 2841 337 2917 conditionis
348 2839 437 2934 sua,
461 2839 569 2916 adeo
582 2842 620 2913 in
635 2841 770 2914 bonum
783 2839 966 2932 conditus,
990 2841 1172 2922 utabono

113 2941 310 3018 conditore
326 2939 653 3032 invituperabilium
667 2939 935 3034 conditionum,
956 2939 990 3012 du
1007 2941 1170 3014 exctdtua

117 3040 344 3134 omnigloria
364 3039 538 3134 angelica,
558 3039 592 3114 b
609 3039 701 3132 apud
713 3039 831 3112 Deum
850 3037 1084 3132 constitunu,
1102 3053 1172 3130 qua

1 3201 2 3204 ,
114 3137 236 3212 bonus
247 3139 336 3230 apud
350 3141 502 3213 bonum:
516 3135 639 3232 postea
649 3157 739 3210 vero
753 3159 773 3210 a
787 3133 971 3231 semetipso
982 3137 1171 3217 translatus

1 3283 2 3288 Ν
115 3237 154 3312 in
172 3239 312 3312 molum.
357 3235 415 3310 Ex
427 3258 500 3328 quo
512 3236 624 3328 enim,
645 3236 772 3329 inquit,
791 3249 1028 3329 apparuerunt
1042 3235 1170 3310 lesura

113 3347 208 3430 tttae,
234 3336 286 3410 illi
303 3356 361 3408 eas
376 3349 567 3429 reputans,
590 3335 717 3428 quibua
737 3332 869 3408 scilicet
889 3335 974 3412 lent·
990 3335 1171 3412 hominem

1 3459 2 3480 Ν
116 3434 268 3526 ejedtum
285 3435 390 3508 aDei
412 3435 601 3529 obsequio;
627 3434 721 3508 &en
741 3435 805 3508 illo
832 3435 997 3527 deliquit,
1024 3451 1069 3516 ea
1094 3451 1169 3526 quo

1 3559 3 3574 ·
115 3531 278 3611 delidum
302 3533 508 3627 seminavit,
534 3547 640 3626 atque
663 3533 713 3606 ita
737 3531 865 3608 exinde
887 3531 1168 3630 negociationis,

115 3629 154 3704 id
174 3631 223 3708 est
238 3634 378 3708 malitia
391 3633 458 3711 sua
474 3633 734 3711 multitudinem
749 3635 935 3722 exercuit,
960 3627 1169 3710 aeduorum

20 3748 25 3778 ¹
115 3727 248 3809 seilicet
264 3731 298 3810 u
312 3731 502 3828 censuum,
519 3753 610 3808 uon
629 3733 747 3810 minue
767 3731 802 3808 u
821 3729 891 3824 ipse
916 3727 1169 3909 libeinmbafbitffi
