2616 4336
167 189 243 286 196
317 185 364 289 Q.
391 177 527 262 Sirim
552 145 691 262 Fron.
718 155 1104 270 Tanruunranr

167 345 319 446 pulsant.
370 342 551 433 Hactenus
567 342 701 442 sapiens
718 347 924 440 &prudens
938 343 1147 444 habebitur,
1175 349 1242 446 qui

166 469 285 546 prope
304 443 539 520 Christianum
551 449 819 548 pronunciarit,
847 449 968 522 cumli
988 451 1072 543 quid
1084 453 1240 546 pruden-

166 551 226 624 tiae
259 557 320 622 aut
342 544 520 640 sapientie
555 545 799 640 alienaverit,
832 546 892 622 seu
924 553 1144 627 ceremonias
1177 553 1262 630 de·.

164 647 319 744 spuens,
340 643 401 720 seu
416 645 572 722 seculum
587 647 799 738 revincens,
821 667 889 741 pro
907 646 1107 724 Christiano
1125 645 1264 730 deno?¹

164 761 275 824 tenu.
312 743 389 842 Jam
402 745 509 842 igitur
518 747 606 820 nihil
621 747 727 820 nobis
744 747 813 820 erit
826 748 1045 846 cumlitteris
1062 749 1245 826 &dociriae

162 843 399 942 naperversae
417 845 618 938 felicitatis,
646 847 704 918 cui
728 845 765 920 in
789 843 877 920 falso
902 847 1024 942 potius
1053 849 1237 945 creditur,

93 1019 96 1030 ,
163 968 271 1044 quam
289 945 332 1024 in
343 937 475 1020 veross
505 943 678 1019 Viderint
695 945 720 1018 fi
737 947 860 1038 quide
876 947 986 1020 unico
1007 943 1045 1020 &¹
1061 947 1139 1024 solo
1162 951 1236 1026 deo

158 1045 509 1146 pronunciaverunt.
566 1041 646 1118 Imo
679 1045 771 1136 nihil
803 1047 954 1120 omnino
984 1047 1138 1122 telarum
1169 1047 1238 1146 fit,

36 1163 39 1177 ·
158 1133 262 1242 quod
300 1142 467 1242 agnoscat
501 1135 746 1240 Clnistianus,
786 1147 832 1218 n'e
866 1137 1084 1240 exprobrare·
1115 1148 1235 1244 polilt.

159 1243 259 1324 Nam
279 1245 313 1318 dc
330 1243 429 1336 quod
446 1243 599 1318 relatum
618 1242 688 1339 est,
722 1265 840 1337 neque
861 1266 988 1320 onmes
1009 1243 1141 1322 sciunt:
1172 1271 1237 1323 ne-

24 1349 26 1432 l
160 1369 231 1439 que
250 1343 310 1438 qui
331 1341 466 1436 sciunt,
494 1337 656 1416 constare
681 1341 878 1418 confidunt.
930 1341 1055 1420 Tanto
1077 1339 1237 1426 abestut

24 1507 25 1512 i
157 1441 290 1520 nostris
305 1443 434 1516 litteris
452 1451 610 1516 annuant
625 1442 811 1536 homines,
837 1444 880 1516 ad
898 1465 984 1538 quas
1001 1465 1109 1520 nemo
1131 1451 1236 1522 venit

156 1543 222 1620 nifi
237 1543 316 1638 ,jam
342 1539 569 1618 Christianus.
620 1539 775 1618 Novum
797 1541 1037 1620 testimonium
1061 1545 1236 1644 advoco,

117 1666 136 1728 ,·
158 1647 236 1720 imo
254 1643 353 1718 omni
371 1644 573 1724 litteratura,
585 1643 732 1737 notius,
760 1644 859 1718 omni
878 1641 1038 1718 dodrina
1051 1645 1233 1744 agitatius,

156 1741 259 1819 omni
274 1741 434 1816 editione
456 1741 663 1838 vulgatius,
689 1755 775 1816 toto
797 1743 944 1816 homine
966 1745 1100 1839 majus,
1125 1745 1162 1818 id
1182 1749 1235 1822 e'st

156 1855 281 1920 totum
301 1840 400 1934 quod
417 1837 468 1914 est
487 1841 652 1916 hominis.
694 1839 868 1915 -Consiste
890 1843 928 1916 in
947 1843 1069 1918 medio
1093 1847 1232 1940 anima,

157 1942 220 2016 seu
240 1941 361 2015 divina
384 1939 419 2012 dc
440 1951 573 2012 eterna
594 1961 651 2014 res
669 1962 707 2013 es
724 1939 915 2016 secundum
934 1943 1053 2035 plures
1072 1943 1233 2040 philoso-

155 2044 276 2138 phos,
305 2061 351 2112 eo
367 2039 476 2135 magis
492 2059 569 2112 non
584 2041 772 2116 mentiens.
824 2039 896 2114 Seu
915 2041 1060 2116 minime
1081 2039 1233 2142 divina,

154 2139 328 2234 quoniam
348 2137 490 2232 quidem
511 2141 672 2236 mortalis
726 2155 769 2212 ut
787 2137 948 2236 Epicuro
972 2133 1038 2214 soli
1058 2139 1233 2240 videtin,

153 2262 204 2312 eo
219 2239 328 2337 m'agis
344 2239 486 2312 mentiri
499 2259 576 2312 non
589 2193 762 2333 debeiis,
789 2227 850 2314 seu
866 2240 911 2314 de
927 2235 1019 2314 coelo
1037 2241 1232 2338 exciperis,

152 2337 217 2416 seu
233 2339 277 2413 de
293 2352 390 2414 terra
405 2337 626 2432 conciperis,
644 2333 705 2413 seu
720 2339 895 2432 numeris,
921 2339 981 2413 seu
994 2341 1122 2432 atomis
1140 2363 1233 2416 con·

153 2437 344 2533 donaris,
378 2433 440 2512 seu
465 2459 546 2512 cnm
566 2459 723 2532 corpore
746 2441 943 2534 inceperis,
969 2433 1030 2512 seu
1050 2441 1133 2536 post
1149 2463 1236 2525 cor·¹
1274 2480 1281 2490 ·

151 2561 221 2634 pus
236 2537 444 2632 induceris,
469 2533 564 2611 unde
581 2538 678 2614 unde
694 2538 728 2612 dc
746 2557 895 2634 quoquo
909 2537 1022 2612 modo
1042 2541 1234 2620 hominem

150 2639 240 2712 facis
259 2639 385 2711 animal
395 2633 592 2730 rationale,
618 2631 733 2712 sensus
747 2639 780 2710 dt
793 2629 1233 2732 scientiaecapacifflmum.

151 2737 223 2810 Sed
251 2757 328 2810 non
353 2757 430 2810 eam
457 2747 500 2808 te·
521 2731 687 2829 advoco,
714 2759 791 2828 quae
816 2737 943 2812 scholis
971 2735 1148 2832 formata,
1176 2741 1233 2814 bi-

150 2837 344 2914 bliothecis
367 2836 587 2928 exercitata,
616 2835 801 2910 academiis
826 2835 1077 2930 &porticibus
1090 2839 1231 2913 Atticis

109 2953 114 2964 ¹
149 2951 289 3033 partam
310 2933 515 3028 sapientiam
536 2931 663 3008 rudias.
714 2928 771 3007 Te
792 2933 982 3030 simplicem
1001 2933 1177 3012 &tradem
1196 2940 1235 3014 oc

147 3035 350 3130 impolitam
366 3031 599 3108 &idioticam
616 3033 822 3130 cornpe110,
849 3031 990 3126 qualem
1003 3035 1138 3110 habent
1165 3039 1232 3132 qui

150 3152 189 3210 te
205 3135 315 3210 solam
331 3133 487 3228 habent,
513 3133 609 3208 illam
626 3128 735 3228 ipsam
753 3133 797 3208 dc
816 3131 1003 3228 compit0‚
1031 3135 1075 3208 de
1089 3135 1233 3234 trivit),

149 3237 194 3310 de
209 3233 369 3310 textrino
387 3245 512 3310 totam.
567 3231 748 3328 Imperitia
758 3247 820 3306 tua
830 3231 919 3306 mihi
934 3255 1025 3327 opus
1044 3233 1108 3328 est,
1135 3255 1233 3328 quo·

24 3423 26 3426 ,
51 3417 52 3424 Ν
147 3337 242 3410 niam
260 3333 486 3425 aliquantulae
503 3335 640 3427 peritiae
657 3345 727 3405 tuac
741 3353 849 3406 nemo
868 3332 992 3408 credit.
1043 3331 1098 3406 Ea
1111 3355 1233 3430 expo-

147 3434 264 3526 stato,
293 3451 370 3524 quae
387 3431 564 3506 tecumin
578 3433 759 3506 hominem
776 3427 908 3526 infers,
936 3453 1013 3524 quae
1032 3445 1093 3505 aut
1108 3455 1155 3508 cx
1175 3450 1232 3508 te-

145 3529 315 3626 metipsa,
344 3543 405 3603 ant
418 3551 463 3605 ex
480 3547 696 3622 quocunque
717 3545 846 3604 autore
864 3541 930 3604 tuo
947 3529 1078 3606 sentire
1100 3533 1232 3609 didici·
1283 3595 1284 3604 ,

145 3633 199 3710 sti.
250 3629 342 3705 Non
369 3651 429 3723 es,
469 3629 566 3722 quod
593 3625 715 3720 sciam,
753 3627 967 3730 Christiana,
1002 3625 1080 3705 fieri
1106 3633 1231 3732 enirn,

24 3764 31 3808 ·.
145 3753 224 3806 non
242 3727 338 3803 nasci
355 3725 447 3802 soles
465 3725 670 3802 Christiana.
704 3725 843 3802 Tamen
860 3751 992 3804 nunca
1009 3741 1047 3803 te
1064 3727 1233 3816 testimo·

146 3823 625 3926 niumflagitantchristiani,
637 3827 680 3902 ab
692 3837 863 3908 extranea
877 3825 1045 3906 adversus
1061 3843 1173 4005 ωοὶἰ
1184 3847 1233 3909 ut
1255 3865 1256 3868 κ

1104 3947 1131 4004 v

996 4165 1028 4248 Χ
