2616 4336
268 275 276 308 ,
353 173 744 299 'a-oNanronrs.
795 217 952 300 LrnI.
1029 247 1195 324 *¹51

19 375 37 434 '-
116 383 280 472 missibus
309 383 496 481 hominum
526 381 805 478 parturierunt,
853 385 917 458 vel
954 401 1059 476 quarn
1088 385 1195 462 Plato

0 552 7 583 ,¹
117 497 300 563 memorat
326 484 497 575 majorem
523 481 639 558 Asiam
662 479 724 558 arit
753 481 917 557 Africani
939 483 977 554 in
1004 480 1195 569 Atlantico

0 668 3 675 ¹
40 631 44 640 ·
115 583 211 669 mari
228 581 392 668 mersam:
429 605 510 656 curn
527 583 709 656 Vulsinios
728 583 773 656 de
794 585 908 676 coeio,
945 581 1125 676 Tarpejos
1149 587 1197 669 de

0 758 1 779 ἶ
121 681 188 758 suo
211 697 337 756 monte
356 681 513 776 perfudit
529 677 641 778 ignis,
669 703 749 756 curn
768 698 873 756 terrae
886 697 990 756 motu
1008 685 1108 756 mare
1124 681 1197 758 Co·

5 862 7 883 ξ
114 783 295 858 -1inthium
316 794 480 878 ereptum
495 781 571 854 ests
598 803 677 856 cum
691 795 811 856 toturn
825 783 951 856 orbern
963 783 1197 880 cataclysmus

0 938 5 947 r
122 881 313 958 abolevit?
340 881 414 954 Ubi
431 896 516 956 tunc
527 903 603 956 non
624 881 738 956 dicam
751 894 1023 976 contemptores
1044 884 1198 963 deorum
1298 953 1305 974 ,

116 979 329 1076 Christiani,
349 979 408 1054 sed
424 981 485 1074 ipsi
504 981 563 1054 dei
578 979 699 1074 vestri,
721 1003 811 1073 quos
827 981 933 1068 clade
946 982 1006 1064 illa
1023 981 1198 1075 posterio-

1 1121 2 1133 r
119 1083 304 1174 resloca,
333 1081 465 1176 oppida
483 1083 706 1176 approbant,
732 1082 768 1154 in
791 1081 1026 1172 quibusnam,
1051 1085 1197 1176 morati,

122 1181 253 1274 seprdti
271 1177 375 1274 sunt,
402 1183 507 1254 etiam
528 1201 604 1274 quae
627 1179 885 1254 condiderunt:
909 1201 985 1254 non
1002 1181 1085 1252 alias
1104 1183 1200 1263 enim

0 1343 4 1358 ,
122 1277 374 1374 superfuissent
387 1280 431 1354 ad
446 1279 678 1374 hodiernum,
702 1281 765 1356 nisr
779 1279 944 1374 postuma
957 1280 1063 1355 cladis
1078 1281 1169 1354 illius
1179 1279 1204 1376 ἓ

1 1385 2 1396 '
123 1379 198 1454 Sed
212 1381 370 1476 relegere
389 1380 635 1454 &revolvere
648 1401 726 1454 non
742 1381 873 1454 curatis
887 1377 1090 1452 testimonia
1110 1393 1201 1465 tenr-

123 1501 283 1576 porum‚
310 1481 412 1554 aliter
426 1481 535 1554 vobis
550 1482 766 1574 renuntiata,
793 1479 951 1574 inprimis
967 1499 1014 1551 ne
1031 1478 1119 1552 deos
1136 1501 1201 1556 ue·

114 1580 223 1655 siros
235 1579 470 1671 injustissimos
484 1579 742 1672 pronuntietis,
768 1579 829 1670 qui
844 1591 996 1673 propter
1014 1593 1214 1672 contemp,

124 1693 229 1752 tores
254 1679 360 1754 etiam
386 1679 545 1752 cultores
565 1677 647 1754 suos
675 1679 838 1752 laedunt:
883 1692 972 1750 tunc
999 1678 1094 1752 eninr
1118 1675 1201 1754 vos·

124 1777 299 1872 metipsos
317 1799 433 1856 errare
454 1778 638 1872 probatis,
663 1777 690 1852 fi
707 1779 796 1861 deos
816 1777 978 1868 traditis,
1006 1780 1064 1868 qui
1086 1799 1203 1865 vosa

1 1936 2 1986 ἦ
126 1877 265 1953 meritis
297 1875 534 1972 profanorum
562 1899 639 1952 non
664 1875 879 1954 discernunt.
940 1875 1116 1978 Quodsi,
1159 1888 1203 1956 ut

1 2035 2 2041 a
127 1997 224 2054 unus
243 1979 539 2069 aequemus...
561 1999 640 2052 mus
658 1979 732 2071 ait,
757 1973 895 2050 idcirco
920 1977 1035 2076 vobis„
1054 1995 1204 2068 quoque
1276 1984 1281 2004 “

109 2075 341 2172 irascuntur,
368 2078 536 2170 quoniam
553 2077 596 2150 de
614 2077 736 2150 nostra
748 2077 989 2154 eradicatione
1004 2075 1203 2172 negligitis,

1 2235 2 2240 a
129 2175 334 2269 absolutum
354 2177 405 2250 est
426 2177 472 2252 de
497 2175 704 2252 infirmitate
729 2178 765 2250 dt
783 2175 1032 2252 mediocritate
1053 2195 1203 2250 eorum:

93 2361 97 2368 ,
128 2299 214 2354 nam
229 2297 307 2350 non
327 2273 561 2350 irascerentur
575 2277 684 2350 vobis
697 2279 734 2351 in
749 2275 1053 2350 animadversione
1074 2271 1204 2350 cessbn-
1275 2283 1277 2288 ’

1 2424 2 2448 r
129 2377 252 2469 tibus,
298 2376 417 2470 stipsi
439 2373 581 2468 exsequi
602 2373 756 2470 possent
816 2371 1040 2546 (guarnquam
1062 2373 1097 2446 oc
1120 2373 1204 2449 arias

0 2509 4 2527 «
131 2471 360 2553 confitemini
372 2473 483 2571 istud,
507 2475 692 2568 siquando
707 2477 789 2550 iilos
810 2472 832 2560 s
849 2474 983 2567 pplicio
1006 2471 1132 2548 nostro
1151 2473 1205 2544 vi·

133 2575 268 2652 demini
282 2573 414 2652 ulcisci.
445 2573 658 2650 .Abaliuda
680 2576 817 2666 maj0re
842 2573 1054 2648 defenditur.

211 2698 270 2750 710.
294 2675 432 2751 Pudeat
444 2677 550 2771 igitur
569 2676 657 2750 deos
672 2677 716 2747 ab
727 2675 873 2748 hornine
892 2671 1045 2748 defendi.
1080 2667 1209 2744 Effun-

133 2776 210 2852 dite
221 2777 293 2870 jam
309 2775 429 2850 omnia
443 2797 598 2868 venena,
627 2775 746 2850 omnia
765 2773 947 2849 calumnie
966 2773 1038 2846 tela
1056 2771 1207 2866 infligite
1259 2834 1280 2850 .

130 2877 220 2954 huic
234 2875 385 2970 nomini,
411 2897 489 2948 non
506 2873 647 2950 cessabo
666 2876 759 2948 ultra
773 2871 966 2966 repellerer
991 2885 1028 2946 at
1048 2869 1207 2966 postmo-

133 2978 223 3052 dum
243 2975 488 3068 obtundentur
513 2975 739 3070 expositione
762 2973 880 3064 ¹totius
906 2971 1036 3046 nostrae
1059 2966 1223 3062 discipli?

133 3097 215 3150 nae:
238 3095 336 3148 nunc
354 3095 449 3148 vero
472 3075 594 3150 eadem
614 3073 687 3167 ipsa
708 3075 754 3148 de
775 3071 900 3146 nostro
923 3092 1081 3166 corpore
1106 3067 1208 3143 vulsa

133 3179 176 3252 in
195 3197 266 3250 vos
275 3173 522 3267 retorquebo,
555 3175 679 3252 eadem
699 3173 853 3262 vulnera
877 3171 1061 3246 criminum
1083 3169 1120 3240 in
1139 3187 1207 3251 vo·

134 3275 193 3350 bis
211 3271 345 3348 defossa
363 3273 591 3369 monstrabo,
624 3295 698 3366 quo
714 3271 895 3348 machaeris
917 3269 1041 3344 uestris
1067 3267 1209 3340 admen-
1299 3361 1304 3368 Ι

1 3427 2 3451 ,
136 3375 410 3466 rationibusque
432 3373 576 3450 cadatis.
626 3375 703 3470 Jam
723 3373 861 3466 primo,
888 3369 987 3461 quod
1004 3371 1041 3442 in
1058 3387 1126 3440 nos
1149 3385 1209 3459 ge·

1 3546 2 3553 ,
109 3473 250 3564 ,nerali
278 3471 504 3546 accusatione
533 3473 706 3570 dirigitis,
751 3469 949 3544 divortium
977 3471 1022 3544 ab
1041 3464 1208 3538 institutis
1294 3457 1298 3474 ‘

20 3593 24 3600 '
136 3575 336 3666 majorum,
355 3573 590 3648 considerate
608 3575 715 3648 etiam
739 3585 845 3664 atque
864 3569 992 3655 etiam,
1023 3588 1070 3640 ne
1091 3560 1210 3638 vobis-

139 3695 223 3769 cum
253 3671 557 3754 communicemus
584 3675 718 3746 crimen
741 3669 842 3745 istud.
904 3665 1119 3756 Ecceenim
1144 3681 1209 3756 per

140 3773 264 3858 omma
284 3775 369 3844 vitre
388 3795 429 3848 ac
443 3769 630 3867 disciplina
649 3783 855 3864 corruptam
873 3769 986 3844 immo
1004 3765 1156 3840 deletam
1172 3763 1211 3841 in

1 3922 2 3937 ι
109 3955 117 3966 ,
141 3873 250 3951 vobis
266 3873 514 3968 antiquitatem
536 3891 780 3969 recognosco.
830 3867 890 3944 De
910 3868 1045 3966 legibus
1060 3862 1216 3980 ·qpiderri

696 3973 813 4056 1³⁴·
1090 3983 1224 4069 re.

377 4235 393 4266 Ν
529 4238 542 4272 ὓ
