2598 4328
175 207 251 292 ei·
323 182 532 292 era'g.
553 189 699 268 Fron.
723 189 1123 266 larentinalia-1

177 357 284 432 viunt
304 351 413 445 nihi,
447 341 671 426 e'rlsultabunt
688 352 725 424 in
740 349 992 444 iucunditate,
1026 367 1098 422 vos
1122 361 1248 426 autem

178 448 371 528 clamabitis
382 471 453 547 prae
467 452 595 524 dolore
615 452 759 548 cordis„
794 447 844 524 Et
856 451 931 524 haec
948 449 1129 522 contraria
1147 449 1251 542 apud.

177 549 353 626 Christum
365 549 595 647 recognosce.
647 549 756 625 Certe
778 549 973 624 obleiiatio
995 547 1029 620 dt
1051 545 1250 621 exlirltatio

165 655 214 749 ¹iu
228 649 451 744 jucunditate
473 651 540 724 illis
558 651 802 744 promittitur,
828 649 887 742 qui
906 649 942 722 in
963 643 1100 720 diversa
1119 649 1250 720 condi·

176 753 280 824 tione
313 747 411 842 sunt,
446 749 573 824 mollis
606 749 641 822 dt
667 749 821 822 tristibus
854 748 888 820 δι
921 748 1041 820 anxiis.
1093 745 1249 822 Scilicet

177 849 291 924 etiam*
310 847 459 942 psalmus
483 869 582 922 cxxv
613 849 687 952 Qui
712 847 911 940 seminant,
949 847 1090 940 inquit,
1129 845 1167 917 in
1195 847 1247 918 la:

121 952 127 964 ’
180 949 364 1040 chamis,
396 948 432 1021 in
448 946 682 1022 exsultatione
704 961 850 1022 metent
901 945 1017 1018 Porro
1040 959 1112 1018 tam
1130 943 1248 1018 exsul·

178 1045 337 1120 t'antibus
364 1045 398 1118 &
427 1047 684 1139 jucunditatem
709 1047 929 1142 capientibus
962 1041 1047 1116 risus
1081 1045 1244 1138 accedit,

180 1161 284 1239 quam
306 1149 534 1220 moerentibus
560 1148 594 1220 dt
620 1147 823 1224 dolentibus
846 1145 963 1217 fletus.
1009 1143 1075 1215 'lta
1098 1156 1245 1216 creator

177 1245 342 1320 materias
364 1242 450 1318 risus
471 1245 505 1318 dt
524 1245 628 1318 fletus
649 1245 871 1339 predicans,
904 1243 1034 1316 ristuos
1057 1243 1246 1336 plorantes

135 1423 138 1430 .
178 1345 281 1440 prior
297 1343 394 1420 dixit.
447 1343 556 1440 lgitur
582 1347 642 1436 qui
661 1367 681 1417 a
699 1343 946 1418 consolatione
966 1358 1180 1436 pauperum,
1208 1342 1247 1414 dt
1295 1341 1297 1350 '

178 1443 385 1532 numium,
418 1443 452 1515 δι
476 1441 726 1539 esurientium,
761 1441 978 1516 &flentium
1000 1439 1147 1515 exorsus
1170 1440 1246 1535 est,
1296 1439 1297 1444 ’

178 1535 295 1616 statim
309 1539 452 1616 seillam
460 1541 709 1638 representare
723 1541 884 1640 gestivit,
911 1561 1014 1634 quem
1029 1538 1247 1614 demonstra-

178 1655 363 1733 veratper
377 1639 530 1716 Esaiam:
554 1643 853 1736 Spiritusdomini
871 1639 1066 1736 supernae,
1092 1652 1248 1736 propter

180 1739 280 1834 quod
296 1741 400 1814 unxit
420 1763 478 1814 me
496 1742 539 1813 ad
555 1743 869 1838 evangelizandum
888 1741 1120 1834 pauperibus,
1147 1743 1247 1810 Beati
1296 1755 1297 1762 ¹

178 1839 334 1926 mendici,
358 1849 506 1936 quoniam
521 1843 641 1912 illorum
655 1844 696 1938 esi
707 1865 833 1936 reguum
849 1854 1000 1914 celorum.
1049 1835 1147 1910 Misit
1163 1857 1245 1932 me,

181 1955 307 2010 curare
325 1940 483 2010 obtritos
504 1939 633 2014 corde:
661 1943 754 2014 Beati
772 1946 827 2038 qui
846 1934 1009 2029 isariunt,
1033 1944 1177 2036 quoniam
1191 1939 1247 2028 fir·

179 2035 387 2108 tardantur.
438 2036 635 2112 Advocare
650 2042 880 2135 languentes:
912 2041 1007 2113 Beari
1023 2037 1245 2136 palparem,

179 2135 498 2236 quoniam-ridebunt.
550 2137 648 2212 Dare
665 2139 865 2236 lugentibus
881 2135 998 2212 Sionis
1013 2137 1183 2232 gloriam,
1208 2136 1246 2210 dt

181 2255 252 2330 pro
273 2235 391 2308 cinere
403 2237 574 2332 unguenti
590 2237 872 2332 jucunditatem,
899 2237 1070 2334 &gloria
1084 2237 1246 2310 habitum

179 2331 250 2430 pro
267 2333 387 2430 spiritu
405 2335 511 2412 tedii.
560 2337 687 2412 Haecii
704 2335 819 2414 statim
836 2335 995 2412 admiiius
1012 2333 1168 2411 Christus
1185 2335 1246 2407 ad·
1288 2335 1296 2356 “’

26 2443 30 2454 ’
180 2433 416 2528 ministravit,
442 2448 503 2506 aut
525 2434 598 2532 ipse
622 2435 694 2532 est,
730 2435 850 2532 quise
882 2437 925 2511 ad
950 2435 1026 2510 hec
1049 2447 1246 2511 venturum

181 2535 412 2627 predicavit,
445 2547 507 2605 aut
526 2533 551 2608 sr
571 2535 732 2610 nondum
745 2537 848 2610 venit
864 2537 923 2630 qui
940 2535 1171 2632 predicavit,
1197 2535 1246 2604 ri·

181 2631 321 2724 dictde,
355 2630 414 2706 sed
437 2629 628 2708 neceii‘arie
647 2635 796 2712 dixerim
815 2633 990 2732 fortasse,
1021 2633 1247 2708 mandaverit

183 2727 326 2802 Christo
349 2729 558 2807 Marcionis
608 2735 704 2808 Beati
720 2740 815 2808 erilis
836 2759 906 2806 cum
926 2761 983 2808 vos
1003 2736 1071 2806 odio
1087 2733 1250 2806 winae

181 2829 339 2914 mutuas,
365 2830 404 2906 (5
418 2831 668 2928 exprobrabunt,
695 2829 736 2910 θ
749 2838 875 2932 ejicient
888 2857 1003 2906 nomen
1015 2833 1167 2930 vestrum,
1188 2857 1246 2904 ve·

181 2931 378 3016 turmulam,
401 2947 526 3028 propter
527 2933 637 3022 filium
652 2933 801 3006 hminis.
852 2931 932 3008 liae
947 2931 1248 3029 pronuntiatione

180 3027 254 3104 ilne
283 3029 393 3101 dubio
417 3029 460 3101 ad
486 3029 710 3108 tolerantiam
735 3034 956 3110 exhortatur.
1007 3029 1106 3132 Quid
1127 3031 1247 3105 minus

180 3137 326 3212 creator
339 3144 403 3222 per
411 3125 573 3202 Esaiam?
597 3128 658 3204 Ne
670 3133 865 3207 metueritis
880 3131 1110 3228 ignominiam
1124 3131 1168 3202 ab
1178 3131 1257 3203 ho·-

180 3227 355 3318 minibus,
381 3225 685 3305 &nullificatione
697 3251 822 3306 eorum
840 3253 885 3306 ne
894 3232 1108 3305 minuamini.
1152 3231 1248 3329 Quas

180 3327 395 3422 ignominia,
410 3347 486 3416 quae
500 3325 738 3404 nullificatio?
765 3335 854 3433 Qua
866 3327 988 3406 futura
1002 3342 1079 3403 erat
1092 3345 1250 3422 propter

180 3421 294 3498 filiurn
308 3425 473 3499 hominis.
508 3429 627 3526 Quem
636 3427 764 3504 illumi
787 3433 864 3602 gui
882 3427 1133 3503 estsecundum
1148 3437 1255 3502 crea:

180 3533 310 3598 torem.
372 3521 479 3596 Unde
496 3527 752 3619 probabimus?

181 3641 251 3712 que
265 3619 485 3716 predicator
510 3623 599 3696 ircut
616 3645 683 3724 per
699 3617 834 3704 Esaiam
856 3629 901 3704 ad
921 3641 1065 3701 autores
1081 3625 1249 3721 Judaeosr

179 3715 333 3816 Propter
359 3735 429 3794 vos
453 3719 711 3826 blasphematur
735 3746 868 3804 nomen
894 3743 1011 3800 meum
1030 3729 1068 3800 in
1090 3727 1250 3800 nationi»

178 3815 258 3894 bus.
307 3816 357 3892 Et
376 3819 486 3899 alibi:
515 3819 661 3900 §meite
683 3845 789 3925 eum,
814 3828 874 3923 qui
896 3825 1249 4002 cncumsmiffini·

820 3527 940 3602 xcidio
963 3529 1001 3602 in
1020 3526 1131 3620 ipsum
1155 3545 1250 3620 quo·
