2582 4322
203 173 461 232 novans-ue
484 155 814 230 Marcionem.
837 155 934 234 ιιι.
959 153 1023 236 111.
1078 175 1149 254 377

82 318 152 396 lim
177 331 377 396 creatorem
402 315 538 392 easdem
561 315 739 410 virtuter,
764 319 852 410 quas'
866 313 959 390 solas
979 317 1022 389 ad
1041 313 1148 400 fidem

88 418 234 492 Christo
250 417 526 510 tuo'vendicas,
552 416 728 490 interdum
748 437 813 509 per
823 415 976 490 famulos
998 413 1079 489 suos
1094 439 1148 494 re·
1193 455 1195 458 ·

87 531 155 591 tro
174 515 341 611 edidisse,
380 516 560 590 interdum
586 534 650 610 per
676 513 850 590 Christum
877 513 975 592 suum
998 515 1150 592 edendae
1187 579 1192 590 ,

84 615 292 710 destinasse,
318 611 457 710 possum
473 613 508 688 δι
523 635 568 687 ex
578 615 651 689 hoc
666 615 796 688 rnerito
810 613 1050 717 prescribere,
1075 627 1153 689 tan·

83 729 130 790 to
149 715 259 814 magis
276 711 539 788 Christumnon
556 735 601 787 ex
624 713 704 788 solia
724 711 917 788 virtutihus
938 713 1153 792 credendum

86 814 211 908 fatue,
239 827 375 906 quanto
398 813 497 886 illum
512 833 588 886 non
604 811 769 906 alteriue,
796 835 900 906 quarn
914 817 1152 888 creatoris
1100 817 1152 890 in

86 917 279 1008 terpretari
303 901 517 1008 pomissent,
559 923 601 984 ut
631 910 927 1006 respondentibus
956 915 1151 988 virmtibur

87 1015 287 1106 creatoris,
313 1011 465 1086 &editio
490 1031 556 1106 per
571 1011 724 1102 famulos
742 1012 848 1104 suos,
876 1013 958 1088 &in
974 1012 1149 1090 Christum

86 1111 190 1188 suurn
206 1111 427 1205 repromillir.
477 1115 688 1211 Quanquam
704 1113 765 1185 etsi
788 1113 853 1184 alia
871 1112 1149 1190 documentum

85 1213 304 1286 venirentur
316 1213 355 1284 in
367 1225 434 1284 tuo
450 1207 611 1300 Christo,
628 1231 728 1284 nova
741 1209 893 1304 scilicet,
920 1211 1057 1286 facilius
1076 1233 1153 1284 cre·

88 1311 255 1386 (letemus
280 1311 384 1385 etiam
405 1331 504 1383 nova
525 1307 676 1402 ejusdem
697 1309 786 1403 else,
821 1313 920 1404 cujus
945 1312 980 1386 δι
1003 1323 1150 1404 vetera,

2 1463 15 1488 g.
87 1431 195 1504 quam
214 1410 311 1501 cuius
328 1410 575 1484 tantummodo
592 1431 712 1502 nova,
740 1411 880 1507 egentia
899 1411 1150 1504 experimentis
1248 1435 1259 1446 ⁸

89 1507 178 1584 fidei
192 1508 346 1582 vidricis
359 1508 563 1582 vetustatis:
589 1523 632 1580 ut
647 1507 695 1582 fic
709 1516 852 1601 quoque
864 1511 1071 1606 praedicatus
1087 1531 1151 1586 ve·

88 1611 169 1685 nire
186 1609 362 1701 debuerit,
385 1623 457 1680 tam
469 1607 777 1700 predicationibus
793 1611 962 1702 propriis,
987 1625 1151 1684 extruen-

86 1709 187 1782 tibus
204 1707 236 1779 ei
256 1705 374 1798 fidem,
399 1727 501 1797 quam
525 1705 791 1800 &virtutibum
817 1707 1006 1800 presertim
1025 1711 1152 1782 adver·

86 1805 147 1882 sus
166 1805 340 1878 Christum
358 1805 529 1878 creatoris
543 1819 754 1898 venturum,
781 1807 814 1880 &
834 1807 934 1902 fignis
951 1807 1153 1904 &prophe-

86 1907 137 1980 tis
150 1905 302 2002 propriis
316 1907 501 1996 munitum,
529 1919 568 1978 ut
583 1908 724 1978 aemulus
743 1904 868 1978 Christi
879 1927 946 2002 per
959 1927 1083 1982 omnes
1101 1908 1154 1982 di·

90 2005 299 2077 versitatum
321 2002 453 2096 species
474 2005 662 2078 reluceret.
713 2003 781 2078 Sed
811 2007 995 2096 quomodo
1021 2031 1040 2080 a
1065 2007 1151 2080 Deo

85 2119 269 2196 nunquam
288 2103 480 2196 praedicato
499 2103 655 2176 Christus
670 2105 745 2197 eius
762 2105 1039 2199 prediceretur!
1065 2107 1152 2179 Hoc

90 2202 145 2278 est
164 2223 251 2298 ergo
268 2203 366 2294 quod
381 2205 510 2300 exigit,
529 2225 597 2275 nec
614 2201 752 2296 Deum,
779 2225 847 2278 nec
865 2203 1038 2280 Christum
1049 2219 1152 2278 tuum

92 2301 208 2396 credi,
235 2301 364 2395 quia&
381 2301 507 2374 Deus
497 2316 641 2398 rgnotus
659 2301 727 2376 else
742 2320 819 2378 non
834 2303 975 2397 debuit,
1003 2303 1152 2380 &Chri-

89 2399 163 2478 stus
178 2399 320 2498 agnosci
336 2421 401 2494 per
416 2399 536 2474 Deum
555 2401 688 2477 debuit

165 2523 200 2590 4„
225 2499 446 2614 Dedignatur
463 2500 595 2594 opinor
610 2497 661 2572 est
678 2500 806 2574 imitari
824 2500 985 2576 ordinem
999 2499 1070 2574 Dei
1084 2454 1150 2573 no'-

8 2641 17 2660 ·
92 2597 168 2695 stri,
181 2615 224 2672 ut
234 2597 463 2694 disphceotrs,
475 2613 517 2672 ut
530 2600 771 2674 cummaxime
785 2597 1013 2690 revincendi.
1031 2619 1150 2674 nonu

91 2719 196 2774 nove
210 2697 342 2772 venire
359 2699 498 2790 voluit,
523 2693 615 2771 lilius
637 2710 719 2772 anta
740 2700 850 2792 patris
874 2699 1153 2794 professionem,

94 2798 132 2872 δι
153 2795 269 2872 miffus
289 2809 371 2870 ante
389 2797 606 2872 mandatoris
627 2800 879 2892 autoritatem,
904 2811 946 2874 ut
966 2799 1000 2872 δι
1018 2795 1152 2894 ipsefi·
1268 2875 1273 2892 ‚

94 2897 177 2970 dem
190 2893 528 2974 monibuosrlhnratn
540 2895 739 2992 induceret,
754 2919 821 2991 qua
835 2911 917 2973 ante
934 2901 1151 2992 crederetur,

96 2995 272 3070 Christum
296 2993 454 3090 venisse,
492 3015 595 3088 quam
625 2994 772 3072 sciretur
792 2995 902 3074 mille.
968 2997 1154 3092 Competit

94 3091 183 3171 mihi
207 3095 311 3172 etiarn
335 3095 424 3172 illud
442 3093 650 3190 retrodare,
685 3117 748 3172 cor
773 3117 850 3172 non
871 3095 953 3192 poll
976 3095 1154 3172 Christum

92 3193 250 3270 venerit
305 3195 508 3272 Nanctum
535 3195 680 3270 intueor
704 3196 885 3274 dominum
914 3197 1014 3290 ejus,
1047 3207 1151 3268 tanto

93 3313 179 3368 avo
199 3295 477 3388 patientiffimun
496 3293 695 3370 acerbiffimi
721 3297 916 3389 creatoris,
942 3293 1154 3370 annuncian

95 3392 143 3468 tis
163 3394 299 3468 interea
313 3395 351 3470 in
368 3395 529 3471 homines
550 3391 722 3470 Chrilbrm
739 3393 860 3490 suum,
885 3413 1093 3488 quacunque
1115 3391 1153 3468 id

91 3492 238 3568 ratione
253 3493 364 3588 iecit,
389 3507 461 3568 tam
477 3495 736 3569 revelationem
753 3516 857 3588 quam
871 3491 1153 3569 intercellionem

94 3587 192 3667 suam
208 3591 402 3688 differens,
425 3595 547 3670 eadam
571 3595 710 3668 ratione
724 3593 806 3668 dico
825 3595 923 3668 illum
946 3591 1153 3686 patientiam
1265 3619 1269 3628 “

96 3689 253 3766 debuisse
276 3695 455 3786 creatori,
489 3693 526 3770 io
546 3691 685 3766 Christo
708 3715 851 3786 quoque
875 3691 938 3764 suo
960 3688 1153 3808 dispositio·

2 3843 3 3846 a
96 3809 194 3962 tter
177 3787 253 3868 suat
270 3791 502 3894 exstuattuo,
526 3805 569 3868 ut
567 3791 737 3990 ἒζιίξᾶι
754 3793 942 3892 &expleta
955 3793 1153 3970 ogrtrirgrrlrepe·
