2618 4340
138 93 212 198 24'
287 101 337 206 Qa
361 62 498 196 saar.
521 97 668 201 Ἑιοι.
693 74 1070 179 renascemur

138 283 238 340 auno
258 260 493 340 embescuna
526 262 657 362 ,Quod
677 260 703 336 s1
724 260 831 336 nobis
855 261 973 336 omnis
994 257 1239 356 impudicitia

139 361 358 444 exsecranda
369 359 442 456 est,
469 381 532 434 cur
545 363 651 438 liceat
667 359 786 465 audir'e
803 383 880 454 quae
893 365 995 455 loqui
1009 383 1087 436 non
1103 361 1246 436 licet2

141 461 234 538 Cum
254 465 360 535 etiam
374 459 623 536 scurrilitatem
638 459 673 536 dc
688 483 797 538 omne
812 481 944 534 vanum
961 461 1115 538 verbum
1125 463 1238 556 judi·

23 565 26 572 '
59 552 71 580 ³
142 576 262 637 catum
280 584 300 633 a
315 561 401 634 Deo
424 559 595 653 sciamus,
624 581 689 634 cur
711 581 810 654 aeque
825 561 934 636 liceat
955 561 1104 655 videre,
1140 581 1243 664 qun*

141 661 265 738 facete
280 660 453 758 flagitium
473 657 555 736 esti
581 659 661 752 ¹Cur
684 681 761 754 quae
776 681 842 734 ore
861 662 1002 754 prolata
1017 661 1236 736 communi·

19 797 24 842 r
144 775 230 836 cant
244 761 448 851 hominem,
476 781 518 837 ea
529 772 594 854 per
611 761 741 836 oculos
756 759 790 833 dr
805 781 909 834 aures
923 756 1064 836 admissa
1071 783 1154 834 non
1170 761 1234 836 vi·

143 861 297 936 deantur
319 860 503 936 bominem
519 861 815 937 communicare:
851 883 933 934 cum
956 859 1092 954 spiritui
1113 881 1235 956 appa·

142 973 248 1034 reant
264 979 365 1033 aures
381 959 416 1034 dt
434 959 553 1053 oculi,
581 981 650 1034 nec
664 959 769 1054 possit
784 959 937 1036 mundus
951 959 1134 1055 praestari,
1163 981 1234 1034 cu·

142 1061 201 1154 jus
219 1059 441 1152 apparitores
463 1059 724 1152 inquinantur?
757 1059 878 1136 Habes
899 1061 1007 1158 igitur
1030 1059 1235 1140 &theatri

144 1157 454 1252 interdictionem,
481 1159 525 1234 de
543 1159 795 1236 interdictione
813 1161 1053 1256 impudicitia,

231 1268 285 1348 18,
311 1258 372 1331 Sin
389 1257 424 1332 &
440 1257 637 1334 doctrinam
651 1257 816 1362 secularis
833 1261 1064 1352 litteratura,
1089 1275 1133 1336 ut
1141 1256 1233 1334 stul·

145 1357 237 1436 titia
260 1357 352 1451 apud
364 1357 489 1438 ,Deum
504 1357 730 1453 deputatam,
758 1355 1006 1454 aspernamur,
1030 1358 1112 1436 satis
1134 1379 1233 1454 prae·

145 1457 312 1534 scribitur
334 1457 442 1530 nobis
473 1457 575 1532 &de
605 1459 674 1534 illis
702 1457 886 1553 speciebus
913 1457 1233 1557 speiiaculorum,

146 1579 227 1654 qua
247 1553 393 1629 seculari
409 1558 612 1632 litteratura
633 1555 800 1634 lusoriam
821 1561 884 1634 vel
900 1557 1129 1656 agonisticam
1150 1557 1233 1636 sce·

57 1656 73 1749 j
146 1679 230 1740 nam
245 1653 470 1752 dispungam.
532 1658 879 1758 Quodsrtragoediae
898 1659 1131 1752 &comoedia
1151 1655 1234 1734 sce«

146 1759 263 1834 lerum
282 1756 515 1832 &libidinum
538 1756 712 1854 altrices,
738 1770 896 1834 cruenta
919 1757 1134 1853 &lascivae,
1159 1757 1232 1834 im·

50 1854 62 1879 ''
146 1857 216 1959 piae
241 1855 276 1928 dt
300 1855 469 1952 prodigae.
520 1857 665 1934 Nullius
689 1858 743 1936 rei
768 1872 831 1934 aut
855 1857 1019 1954 atrocis,
1052 1871 1114 1932 aut
1137 1857 1232 1934 vilis

53 1980 63 2001 ¹
148 1958 451 2030 commemoratio
471 1959 601 2030 melior
626 1957 699 2034 est:
737 1958 837 2052 quod
860 1957 899 2034 in
921 1957 1018 2034 fallo
1038 1958 1229 2054 rejicitur,

25 2055 30 2062 “
149 2057 258 2132 etiam
275 2055 314 2128 in
331 2053 427 2128 diuo
448 2077 527 2130 non
548 2055 600 2133 est
617 2059 875 2157 recipiendum
934 2058 1086 2160 Quodsi
1108 2055 1229 2132 &sta-

147 2155 248 2245 dium
270 2153 469 2230 contendas
490 2155 530 2229 in
547 2151 729 2251 scripturis
754 2145 953 2252 ndminari,
980 2155 1061 2234 sane
1082 2155 1231 2242 obtine-

147 2253 216 2330 bis.
268 2252 339 2328 Sed
357 2255 485 2347 quaein
501 2253 614 2330 stadio
630 2271 827 2354 gerunttu,
853 2257 928 2332 indi
954 2337 956 2342 ,
979 2255 1228 2352 aconspeuur

64 2421 70 2432 .
148 2365 218 2430 tuo
244 2375 321 2446 non
346 2353 522 2450 negabis,
546 2375 690 2453 pugnos
722 2356 898 2433 &calces
986 2358 1161 2454 colaphos
1185 2357 1226 2432 dr

20 2495 21 2500 Ν
149 2475 296 2528 omnem
313 2455 547 2548 pemlantiam
567 2479 721 2550 manus,
754 2457 789 2531 dt
810 2477 1059 2552 quamcunque
1078 2456 1226 2534 humani

149 2553 249 2647 oria,
276 2551 411 2646 idest,
438 2553 568 2630 divine
587 2557 747 2654 imaginis
767 2555 1083 2653 depugnatiqnem.
1133 2554 1229 2632 Non

33 2655 38 2670 '
148 2653 322 2749 probabis
348 2649 493 2746 usquam
515 2674 632 2730 vanos
658 2653 778 2732 curstra
807 2657 1037 2750 &jacrrlatus
1061 2656 1098 2730 dt
1118 2651 1224 2736 saints
1257 2678 1280 2704 ··

149 2752 348 2848 vastiores,
374 2750 544 2845 nusquam
563 2755 629 2829 tibi
647 2755 744 2832 vires
762 2770 826 2832 aut
848 2755 1026 2850 iniuriosa
1040 2768 1103 2830 aut
1122 2775 1232 2830 vana

149 2851 375 2949 placebunt,
401 2849 462 2926 sed
484 2873 554 2926 nec
576 2873 662 2930 cura
677 2853 802 2930 sallitii
825 2857 1023 2950 corporis,
1047 2867 1091 2930 ut
1111 2853 1225 2950 plasti-

150 2969 232 3026 cam
246 2950 319 3025 Dei
337 2948 563 3048 supergressa.
613 2949 664 3028 Et
679 2969 832 3050 propter
850 2955 967 3030 otium
986 2953 1134 3032 Graeciae
1150 2955 1223 3030 alti·

149 3049 205 3130 les
221 3051 387 3130 homines
414 3051 546 3128 oderis.
596 3049 647 3128 Et
667 3053 866 3148 palaestrica
881 3055 1015 3132 diaboli
1037 3056 1242 3150 negotium·

150 3149 215 3226 est,
259 3149 404 3228 Primos
419 3151 586 3228 homines
604 3153 768 3230 diabolus
788 3155 888 3230 elisit
940 3151 1017 3250 lpse
1033 3155 1221 3252 gelasco·

151 3247 294 3326 subrina
309 3251 389 3344 vis,
416 3247 468 3324 est
490 3263 600 3326 tenax
618 3253 663 3327 ad
686 3253 959 3350 occrrpandum,
993 3253 1156 3328 tortuosa
1178 3253 1222 3330 ad
1269 3312 1273 3323 .

50 3440 54 3449 Ι
153 3337 405 3446 obligandum,
431 3351 563 3444 liquida
581 3353 624 3426 ad
643 3353 865 3430 elabendum.
891 3353 1023 3430 Nullus
1040 3355 1105 3428 tibi
1122 3373 1222 3427 coro·

152 3469 280 3524 narum
292 3447 374 3524 usus
391 3445 462 3544 est,
483 3449 569 3543 quid
582 3452 626 3528 de
638 3455 787 3528 coronis
805 3451 1016 3550 voluptates
1029 3453 1220 3548 aucuparis.

235 3568 290 3646 19.
312 3545 602 3645 Exspedabimus
612 3553 1029 3648 nuncthmphitheatri
1040 3552 1222 3647 repudium

153 3645 202 3721 de
221 3644 414 3744 scripturis.
465 3649 502 3724 si
519 3647 715 3748 savinam,
740 3654 1031 3750 srimpietatem,
1063 3653 1088 3726 st
1109 3652 1220 3728 ferita-

153 3759 232 3822 tem
248 3745 446 3843 permissam
459 3750 566 3828 nobis
585 3751 809 3835 contendere
821 3751 1024 3850 possumus,
1052 3773 1166 3828 eamus
1183 3751 1220 3830 in

157 3848 467 3943 anphitheatrum.
517 3847 556 3926 Si
573 3849 813 3949 talessumua,
838 3853 960 3948 quale
975 3850 1220 4035 debrrlmdbde·

1088 3973 1108 4026 e
