<?xml version="1.0" encoding="UTF-8"?>
<!DOCTYPE html PUBLIC "-//W3C//DTD XHTML 1.0 Transitional//EN"
    "http://www.w3.org/TR/xhtml1/DTD/xhtml1-transitional.dtd">
<html xmlns="http://www.w3.org/1999/xhtml" xml:lang="en" lang="en">
 <head>
  <title>
</title>
<meta http-equiv="Content-Type" content="text/html;charset=utf-8" />
  <meta name='ocr-system' content='tesseract 3.04.00' />
  <meta name='ocr-capabilities' content='ocr_page ocr_carea ocr_par ocr_line ocrx_word'/>
</head>
<body>
  <div class='ocr_page' id='page_1' title='image "./operaomnia01tertgoog/operaomnia01tertgoog_0242.png"; bbox 0 0 2616 4336; ppageno 0'>
   <div class='ocr_carea' id='block_1_1' title="bbox 185 187 1081 324">
    <p class='ocr_par' dir='ltr' id='par_1_1' title="bbox 185 187 1081 324">
     <span class='ocr_line' id='line_1_1' title="bbox 185 187 1081 324; baseline 0.015 -38"><span class='ocrx_word' id='word_1_1' title='bbox 185 213 257 302; x_wconf 61' lang='lat' dir='ltr'>iad</span> <span class='ocrx_word' id='word_1_2' title='bbox 283 189 285 194; x_wconf 44' lang='grc'><em>’</em></span> <span class='ocrx_word' id='word_1_3' title='bbox 358 225 406 324; x_wconf 85' lang='lat' dir='ltr'>Q.</span> <span class='ocrx_word' id='word_1_4' title='bbox 432 215 560 297; x_wconf 79' lang='lat' dir='ltr'>S&#39;rrr.</span> <span class='ocrx_word' id='word_1_5' title='bbox 585 191 717 296; x_wconf 75' lang='lat' dir='ltr'>Fion&#39;.</span> <span class='ocrx_word' id='word_1_6' title='bbox 742 187 1081 298; x_wconf 72' lang='lat' dir='ltr'>Trnruttirur</span> 
     </span>
    </p>
   </div>
   <div class='ocr_carea' id='block_1_2' title="bbox 180 347 1279 475">
    <p class='ocr_par' dir='ltr' id='par_1_2' title="bbox 180 347 1279 475">
     <span class='ocr_line' id='line_1_2' title="bbox 180 347 1279 475; baseline 0.001 -12"><span class='ocrx_word' id='word_1_7' title='bbox 180 385 323 463; x_wconf 85' lang='lat' dir='ltr'>tionem</span> <span class='ocrx_word' id='word_1_8' title='bbox 339 405 421 460; x_wconf 89' lang='lat' dir='ltr'>cum</span> <span class='ocrx_word' id='word_1_9' title='bbox 439 383 483 457; x_wconf 82' lang='lat' dir='ltr'>ab</span> <span class='ocrx_word' id='word_1_10' title='bbox 502 407 545 458; x_wconf 89' lang='lat' dir='ltr'>ea</span> <span class='ocrx_word' id='word_1_11' title='bbox 561 381 684 457; x_wconf 73' lang='lat' dir='ltr'>desiit?</span> <span class='ocrx_word' id='word_1_12' title='bbox 712 383 855 475; x_wconf 83' lang='lat' dir='ltr'>quando</span> <span class='ocrx_word' id='word_1_13' title='bbox 874 380 936 460; x_wconf 80' lang='lat' dir='ltr'>etsi</span> <span class='ocrx_word' id='word_1_14' title='bbox 949 385 1033 458; x_wconf 89' lang='lat' dir='ltr'>ideo</span> <span class='ocrx_word' id='word_1_15' title='bbox 1051 364 1149 460; x_wconf 81' lang='lat' dir='ltr'>velit</span> <span class='ocrx_word' id='word_1_16' title='bbox 1167 347 1279 464; x_wconf 62' lang='lat' dir='ltr'>orda</span> 
     </span>
    </p>
   </div>
   <div class='ocr_carea' id='block_1_3' title="bbox 77 483 1278 583">
    <p class='ocr_par' dir='ltr' id='par_1_3' title="bbox 77 483 1278 583">
     <span class='ocr_line' id='line_1_3' title="bbox 77 483 1278 583; baseline 0.018 -33"><span class='ocrx_word' id='word_1_17' title='bbox 77 524 80 532; x_wconf 74' lang='lat'>,</span> <span class='ocrx_word' id='word_1_18' title='bbox 144 571 145 576; x_wconf 8' lang='grc' dir='ltr'><strong><em>Ν</em></strong></span> <span class='ocrx_word' id='word_1_19' title='bbox 181 491 213 562; x_wconf 80' lang='lat' dir='ltr'>ri</span> <span class='ocrx_word' id='word_1_20' title='bbox 228 489 274 562; x_wconf 82' lang='lat' dir='ltr'>ad</span> <span class='ocrx_word' id='word_1_21' title='bbox 292 485 522 580; x_wconf 73' lang='lat' dir='ltr'>questionem</span> <span class='ocrx_word' id='word_1_22' title='bbox 537 504 688 578; x_wconf 81' lang='lat' dir='ltr'>vocure,</span> <span class='ocrx_word' id='word_1_23' title='bbox 715 497 757 556; x_wconf 90' lang='lat' dir='ltr'>ut</span> <span class='ocrx_word' id='word_1_24' title='bbox 774 484 938 558; x_wconf 86' lang='lat' dir='ltr'>ostendat</span> <span class='ocrx_word' id='word_1_25' title='bbox 952 483 987 560; x_wconf 91' lang='lat' dir='ltr'>se</span> <span class='ocrx_word' id='word_1_26' title='bbox 1002 509 1081 565; x_wconf 90' lang='lat' dir='ltr'>uon</span> <span class='ocrx_word' id='word_1_27' title='bbox 1100 487 1278 583; x_wconf 69' lang='lat' dir='ltr'>deliqrdll</span> 
     </span>
    </p>
   </div>
   <div class='ocr_carea' id='block_1_4' title="bbox 103 584 1278 1682">
    <p class='ocr_par' dir='ltr' id='par_1_4' title="bbox 103 584 1278 1682">
     <span class='ocr_line' id='line_1_4' title="bbox 182 584 1277 684; baseline 0 -20"><span class='ocrx_word' id='word_1_28' title='bbox 182 589 218 664; x_wconf 92' lang='lat' dir='ltr'>se</span> <span class='ocrx_word' id='word_1_29' title='bbox 238 591 275 664; x_wconf 90' lang='lat' dir='ltr'>in</span> <span class='ocrx_word' id='word_1_30' title='bbox 293 585 556 661; x_wconf 82' lang='lat' dir='ltr'>observationis</span> <span class='ocrx_word' id='word_1_31' title='bbox 571 584 822 678; x_wconf 90' lang='lat' dir='ltr'>destitutione,</span> <span class='ocrx_word' id='word_1_32' title='bbox 848 586 1080 660; x_wconf 86' lang='lat' dir='ltr'>nihilominus</span> <span class='ocrx_word' id='word_1_33' title='bbox 1102 586 1277 684; x_wconf 71' lang='lat' dir='ltr'>deliquii</span> 
     </span>
     <span class='ocr_line' id='line_1_5' title="bbox 106 682 1276 784; baseline 0.002 -20"><span class='ocrx_word' id='word_1_34' title='bbox 106 767 109 774; x_wconf 71' lang='grc'><strong>,</strong></span> <span class='ocrx_word' id='word_1_35' title='bbox 183 689 318 764; x_wconf 89' lang='lat' dir='ltr'>seeum</span> <span class='ocrx_word' id='word_1_36' title='bbox 342 683 485 758; x_wconf 87' lang='lat' dir='ltr'>constet</span> <span class='ocrx_word' id='word_1_37' title='bbox 504 700 605 768; x_wconf 80' lang='lat' dir='ltr'>retro</span> <span class='ocrx_word' id='word_1_38' title='bbox 622 685 659 756; x_wconf 90' lang='lat' dir='ltr'>in</span> <span class='ocrx_word' id='word_1_39' title='bbox 685 682 948 758; x_wconf 88' lang='lat' dir='ltr'>observationis</span> <span class='ocrx_word' id='word_1_40' title='bbox 971 688 1276 784; x_wconf 83' lang='lat' dir='ltr'>praesumptione.</span> 
     </span>
     <span class='ocr_line' id='line_1_6' title="bbox 103 779 1278 884; baseline 0.001 -19"><span class='ocrx_word' id='word_1_41' title='bbox 103 825 110 842; x_wconf 83' lang='lat'><strong>·</strong></span> <span class='ocrx_word' id='word_1_42' title='bbox 184 789 221 866; x_wconf 85' lang='lat' dir='ltr'>Si</span> <span class='ocrx_word' id='word_1_43' title='bbox 243 789 338 864; x_wconf 90' lang='lat' dir='ltr'>enim</span> <span class='ocrx_word' id='word_1_44' title='bbox 356 805 434 858; x_wconf 93' lang='lat' dir='ltr'>non</span> <span class='ocrx_word' id='word_1_45' title='bbox 447 784 598 878; x_wconf 84' lang='lat' dir='ltr'>deliquit</span> <span class='ocrx_word' id='word_1_46' title='bbox 613 785 722 858; x_wconf 92' lang='lat' dir='ltr'>hodie</span> <span class='ocrx_word' id='word_1_47' title='bbox 737 783 897 882; x_wconf 89' lang='lat' dir='ltr'>suscepta</span> <span class='ocrx_word' id='word_1_48' title='bbox 912 807 1075 882; x_wconf 89' lang='lat' dir='ltr'>corona,</span> <span class='ocrx_word' id='word_1_49' title='bbox 1112 779 1278 884; x_wconf 80' lang='lat' dir='ltr'>deliquii</span> 
     </span>
     <span class='ocr_line' id='line_1_7' title="bbox 184 881 1277 983; baseline -0.002 -21"><span class='ocrx_word' id='word_1_50' title='bbox 184 887 375 983; x_wconf 85' lang='lat' dir='ltr'>aliquando</span> <span class='ocrx_word' id='word_1_51' title='bbox 391 881 561 964; x_wconf 85' lang='lat' dir='ltr'>recusata.</span> <span class='ocrx_word' id='word_1_52' title='bbox 619 883 669 958; x_wconf 89' lang='lat' dir='ltr'>Et</span> <span class='ocrx_word' id='word_1_53' title='bbox 684 883 767 958; x_wconf 92' lang='lat' dir='ltr'>ideo</span> <span class='ocrx_word' id='word_1_54' title='bbox 783 905 860 958; x_wconf 91' lang='lat' dir='ltr'>non</span> <span class='ocrx_word' id='word_1_55' title='bbox 879 885 923 960; x_wconf 85' lang='lat' dir='ltr'>ad</span> <span class='ocrx_word' id='word_1_56' title='bbox 940 907 1004 958; x_wconf 93' lang='lat' dir='ltr'>eos</span> <span class='ocrx_word' id='word_1_57' title='bbox 1023 889 1093 960; x_wconf 86' lang='lat' dir='ltr'>erit</span> <span class='ocrx_word' id='word_1_58' title='bbox 1108 887 1176 967; x_wconf 88' lang='lat' dir='ltr'>iste</span> <span class='ocrx_word' id='word_1_59' title='bbox 1199 905 1277 966; x_wconf 74' lang='lat' dir='ltr'>tra·</span> 
     </span>
     <span class='ocr_line' id='line_1_8' title="bbox 142 984 1276 1086; baseline -0.002 -20"><span class='ocrx_word' id='word_1_60' title='bbox 142 985 145 996; x_wconf 86' lang='lat'>&#39;</span> <span class='ocrx_word' id='word_1_61' title='bbox 184 991 297 1066; x_wconf 67' lang='lat' dir='ltr'>slatus</span> <span class='ocrx_word' id='word_1_62' title='bbox 318 987 446 1080; x_wconf 88' lang='lat' dir='ltr'>quibus</span> <span class='ocrx_word' id='word_1_63' title='bbox 471 1005 548 1058; x_wconf 89' lang='lat' dir='ltr'>non</span> <span class='ocrx_word' id='word_1_64' title='bbox 572 986 750 1079; x_wconf 89' lang='lat' dir='ltr'>competit</span> <span class='ocrx_word' id='word_1_65' title='bbox 764 984 932 1078; x_wconf 82' lang='lat' dir='ltr'>quaestio,</span> <span class='ocrx_word' id='word_1_66' title='bbox 963 985 1024 1067; x_wconf 89' lang='lat' dir='ltr'>sed</span> <span class='ocrx_word' id='word_1_67' title='bbox 1039 989 1085 1062; x_wconf 85' lang='lat' dir='ltr'>nd</span> <span class='ocrx_word' id='word_1_68' title='bbox 1098 991 1185 1062; x_wconf 88' lang='lat' dir='ltr'>illos</span> <span class='ocrx_word' id='word_1_69' title='bbox 1210 991 1276 1086; x_wconf 82' lang='lat' dir='ltr'>qrd</span> 
     </span>
     <span class='ocr_line' id='line_1_9' title="bbox 181 1084 1275 1182; baseline 0 -17"><span class='ocrx_word' id='word_1_70' title='bbox 181 1089 301 1166; x_wconf 86' lang='lat' dir='ltr'>studio</span> <span class='ocrx_word' id='word_1_71' title='bbox 318 1085 493 1179; x_wconf 90' lang='lat' dir='ltr'>discendi,</span> <span class='ocrx_word' id='word_1_72' title='bbox 519 1106 596 1158; x_wconf 95' lang='lat' dir='ltr'>non</span> <span class='ocrx_word' id='word_1_73' title='bbox 619 1084 849 1176; x_wconf 72' lang='lat' dir='ltr'>questionem</span> <span class='ocrx_word' id='word_1_74' title='bbox 874 1086 1062 1182; x_wconf 88' lang='lat' dir='ltr'>deserunt,</span> <span class='ocrx_word' id='word_1_75' title='bbox 1096 1088 1160 1163; x_wconf 91' lang='lat' dir='ltr'>sed</span> <span class='ocrx_word' id='word_1_76' title='bbox 1178 1102 1275 1166; x_wconf 73' lang='lat' dir='ltr'>corn¹</span> 
     </span>
     <span class='ocr_line' id='line_1_10' title="bbox 183 1181 1275 1284; baseline 0.001 -20"><span class='ocrx_word' id='word_1_77' title='bbox 183 1189 424 1266; x_wconf 90' lang='lat' dir='ltr'>sultationem.</span> <span class='ocrx_word' id='word_1_78' title='bbox 490 1181 588 1258; x_wconf 89' lang='lat' dir='ltr'>Nam</span> <span class='ocrx_word' id='word_1_79' title='bbox 613 1183 809 1278; x_wconf 85' lang='lat' dir='ltr'>&amp;semper</span> <span class='ocrx_word' id='word_1_80' title='bbox 836 1187 1005 1278; x_wconf 86' lang='lat' dir='ltr'>quaeritur</span> <span class='ocrx_word' id='word_1_81' title='bbox 1031 1189 1075 1262; x_wconf 93' lang='lat' dir='ltr'>de</span> <span class='ocrx_word' id='word_1_82' title='bbox 1100 1189 1198 1284; x_wconf 91' lang='lat' dir='ltr'>isto,</span> <span class='ocrx_word' id='word_1_83' title='bbox 1239 1191 1275 1266; x_wconf 80' lang='lat' dir='ltr'>dt</span> 
     </span>
     <span class='ocr_line' id='line_1_11' title="bbox 183 1285 1274 1380; baseline 0 -14"><span class='ocrx_word' id='word_1_84' title='bbox 183 1291 292 1367; x_wconf 86' lang='lat' dir='ltr'>laudo</span> <span class='ocrx_word' id='word_1_85' title='bbox 323 1285 431 1361; x_wconf 86' lang='lat' dir='ltr'>fidem</span> <span class='ocrx_word' id='word_1_86' title='bbox 457 1306 534 1376; x_wconf 80' lang='lat' dir='ltr'>quae</span> <span class='ocrx_word' id='word_1_87' title='bbox 567 1297 651 1372; x_wconf 89' lang='lat' dir='ltr'>ante</span> <span class='ocrx_word' id='word_1_88' title='bbox 683 1285 858 1380; x_wconf 73' lang='lat' dir='ltr'>credidit,</span> <span class='ocrx_word' id='word_1_89' title='bbox 897 1287 1163 1364; x_wconf 84' lang='lat' dir='ltr'>observandum</span> <span class='ocrx_word' id='word_1_90' title='bbox 1196 1287 1274 1366; x_wconf 78' lang='lat' dir='ltr'>ess&#39;e</span> 
     </span>
     <span class='ocr_line' id='line_1_12' title="bbox 186 1383 1272 1488; baseline -0.002 -24"><span class='ocrx_word' id='word_1_91' title='bbox 186 1411 289 1486; x_wconf 86' lang='lat' dir='ltr'>quarn</span> <span class='ocrx_word' id='word_1_92' title='bbox 310 1387 444 1460; x_wconf 88' lang='lat' dir='ltr'>didicit.</span> <span class='ocrx_word' id='word_1_93' title='bbox 469 1383 504 1458; x_wconf 84' lang='lat' dir='ltr'>dt</span> <span class='ocrx_word' id='word_1_94' title='bbox 526 1383 632 1458; x_wconf 84' lang='lat' dir='ltr'>facile</span> <span class='ocrx_word' id='word_1_95' title='bbox 657 1383 709 1458; x_wconf 89' lang='lat' dir='ltr'>est</span> <span class='ocrx_word' id='word_1_96' title='bbox 731 1383 847 1458; x_wconf 89' lang='lat' dir='ltr'>statim</span> <span class='ocrx_word' id='word_1_97' title='bbox 873 1385 1037 1482; x_wconf 80' lang='lat' dir='ltr'>exigere,</span> <span class='ocrx_word' id='word_1_98' title='bbox 1062 1389 1127 1462; x_wconf 91' lang='lat' dir='ltr'>ubi</span> <span class='ocrx_word' id='word_1_99' title='bbox 1154 1388 1272 1488; x_wconf 89' lang='lat' dir='ltr'>scrip-</span> 
     </span>
     <span class='ocr_line' id='line_1_13' title="bbox 183 1482 1270 1588; baseline 0.001 -24"><span class='ocrx_word' id='word_1_100' title='bbox 183 1501 262 1564; x_wconf 90' lang='lat' dir='ltr'>tum</span> <span class='ocrx_word' id='word_1_101' title='bbox 277 1489 345 1580; x_wconf 83' lang='lat' dir='ltr'>lit,</span> <span class='ocrx_word' id='word_1_102' title='bbox 383 1507 429 1560; x_wconf 91' lang='lat' dir='ltr'>ne</span> <span class='ocrx_word' id='word_1_103' title='bbox 449 1505 680 1561; x_wconf 85' lang='lat' dir='ltr'>coronemur.</span> <span class='ocrx_word' id='word_1_104' title='bbox 731 1482 785 1556; x_wconf 89' lang='lat' dir='ltr'>At</span> <span class='ocrx_word' id='word_1_105' title='bbox 801 1485 897 1560; x_wconf 90' lang='lat' dir='ltr'>enim</span> <span class='ocrx_word' id='word_1_106' title='bbox 916 1487 979 1560; x_wconf 92' lang='lat' dir='ltr'>ubi</span> <span class='ocrx_word' id='word_1_107' title='bbox 1000 1485 1270 1588; x_wconf 89' lang='lat' dir='ltr'>scriptumest,</span> 
     </span>
     <span class='ocr_line' id='line_1_14' title="bbox 182 1581 1269 1682; baseline 0.001 -19"><span class='ocrx_word' id='word_1_108' title='bbox 182 1603 226 1663; x_wconf 90' lang='lat' dir='ltr'>ut</span> <span class='ocrx_word' id='word_1_109' title='bbox 247 1585 495 1663; x_wconf 74' lang='lat' dir='ltr'>coronemur?</span> <span class='ocrx_word' id='word_1_110' title='bbox 528 1581 807 1678; x_wconf 85' lang='lat' dir='ltr'>Expostulantes</span> <span class='ocrx_word' id='word_1_111' title='bbox 827 1585 922 1660; x_wconf 88' lang='lat' dir='ltr'>enim</span> <span class='ocrx_word' id='word_1_112' title='bbox 939 1585 1269 1682; x_wconf 85' lang='lat' dir='ltr'>scripturaepatro·</span> 
     </span>
    </p>
   </div>
   <div class='ocr_carea' id='block_1_5' title="bbox 18 1673 1269 1784">
    <p class='ocr_par' dir='ltr' id='par_1_5' title="bbox 18 1673 1269 1784">
     <span class='ocr_line' id='line_1_15' title="bbox 18 1673 1269 1784; baseline -0.003 -17"><span class='ocrx_word' id='word_1_113' title='bbox 18 1677 21 1686; x_wconf 32' lang='lat'>¹</span> <span class='ocrx_word' id='word_1_114' title='bbox 42 1697 45 1708; x_wconf 88' lang='lat'>&#39;</span> <span class='ocrx_word' id='word_1_115' title='bbox 185 1691 318 1764; x_wconf 90' lang='lat' dir='ltr'>ciuium</span> <span class='ocrx_word' id='word_1_116' title='bbox 329 1689 367 1760; x_wconf 91' lang='lat' dir='ltr'>in</span> <span class='ocrx_word' id='word_1_117' title='bbox 382 1701 486 1780; x_wconf 84' lang='lat' dir='ltr'>parte</span> <span class='ocrx_word' id='word_1_118' title='bbox 503 1683 663 1778; x_wconf 88' lang='lat' dir='ltr'>diversa,</span> <span class='ocrx_word' id='word_1_119' title='bbox 688 1673 920 1778; x_wconf 62' lang='lat' dir='ltr'>praejudicant</span> <span class='ocrx_word' id='word_1_120' title='bbox 933 1685 1001 1758; x_wconf 87' lang='lat' dir='ltr'>suae</span> <span class='ocrx_word' id='word_1_121' title='bbox 1019 1707 1167 1780; x_wconf 89' lang='lat' dir='ltr'>quoque</span> <span class='ocrx_word' id='word_1_122' title='bbox 1183 1713 1269 1784; x_wconf 83' lang='lat' dir='ltr'>par·</span> 
     </span>
    </p>
   </div>
   <div class='ocr_carea' id='block_1_6' title="bbox 183 1783 1267 2278">
    <p class='ocr_par' dir='ltr' id='par_1_6' title="bbox 183 1783 1267 2278">
     <span class='ocr_line' id='line_1_16' title="bbox 183 1783 1266 1883; baseline 0 -17"><span class='ocrx_word' id='word_1_123' title='bbox 183 1791 214 1866; x_wconf 85' lang='lat' dir='ltr'>ti</span> <span class='ocrx_word' id='word_1_124' title='bbox 233 1789 414 1883; x_wconf 86' lang='lat' dir='ltr'>scripturae</span> <span class='ocrx_word' id='word_1_125' title='bbox 430 1785 671 1880; x_wconf 87' lang='lat' dir='ltr'>patrocinium</span> <span class='ocrx_word' id='word_1_126' title='bbox 687 1783 803 1859; x_wconf 78' lang='lat' dir='ltr'>adesse</span> <span class='ocrx_word' id='word_1_127' title='bbox 818 1785 960 1862; x_wconf 89' lang='lat' dir='ltr'>debere.</span> <span class='ocrx_word' id='word_1_128' title='bbox 1012 1787 1108 1882; x_wconf 72' lang='lat' dir='ltr'>Nam</span> <span class='ocrx_word' id='word_1_129' title='bbox 1127 1789 1156 1862; x_wconf 89' lang='lat' dir='ltr'>fi</span> <span class='ocrx_word' id='word_1_130' title='bbox 1175 1789 1266 1866; x_wconf 87' lang='lat' dir='ltr'>ideo</span> 
     </span>
     <span class='ocr_line' id='line_1_17' title="bbox 184 1885 1266 1982; baseline 0.001 -19"><span class='ocrx_word' id='word_1_131' title='bbox 184 1891 326 1964; x_wconf 91' lang='lat' dir='ltr'>dicetur</span> <span class='ocrx_word' id='word_1_132' title='bbox 346 1886 517 1960; x_wconf 88' lang='lat' dir='ltr'>coronari</span> <span class='ocrx_word' id='word_1_133' title='bbox 534 1886 667 1977; x_wconf 89' lang='lat' dir='ltr'>licere,</span> <span class='ocrx_word' id='word_1_134' title='bbox 693 1885 871 1976; x_wconf 89' lang='lat' dir='ltr'>quianon</span> <span class='ocrx_word' id='word_1_135' title='bbox 895 1885 1087 1982; x_wconf 86' lang='lat' dir='ltr'>prohibeat</span> <span class='ocrx_word' id='word_1_136' title='bbox 1109 1885 1266 1982; x_wconf 89' lang='lat' dir='ltr'>scriptu·</span> 
     </span>
     <span class='ocr_line' id='line_1_18' title="bbox 183 1983 1266 2084; baseline 0.003 -22"><span class='ocrx_word' id='word_1_137' title='bbox 183 2011 249 2082; x_wconf 82' lang='lat' dir='ltr'>ra,</span> <span class='ocrx_word' id='word_1_138' title='bbox 285 2009 385 2078; x_wconf 84' lang='lat' dir='ltr'>aeque</span> <span class='ocrx_word' id='word_1_139' title='bbox 409 1984 681 2076; x_wconf 84' lang='lat' dir='ltr'>retorquebitur</span> <span class='ocrx_word' id='word_1_140' title='bbox 704 1983 790 2058; x_wconf 88' lang='lat' dir='ltr'>ideo</span> <span class='ocrx_word' id='word_1_141' title='bbox 822 1987 992 2058; x_wconf 87' lang='lat' dir='ltr'>coronari</span> <span class='ocrx_word' id='word_1_142' title='bbox 1023 2007 1099 2062; x_wconf 93' lang='lat' dir='ltr'>non</span> <span class='ocrx_word' id='word_1_143' title='bbox 1124 1989 1266 2084; x_wconf 84' lang='lat' dir='ltr'>licere,</span> 
     </span>
     <span class='ocr_line' id='line_1_19' title="bbox 184 2083 1266 2185; baseline 0.006 -25"><span class='ocrx_word' id='word_1_144' title='bbox 184 2089 267 2184; x_wconf 84' lang='lat' dir='ltr'>qula</span> <span class='ocrx_word' id='word_1_145' title='bbox 290 2085 463 2179; x_wconf 87' lang='lat' dir='ltr'>scriptura</span> <span class='ocrx_word' id='word_1_146' title='bbox 486 2105 563 2156; x_wconf 92' lang='lat' dir='ltr'>non</span> <span class='ocrx_word' id='word_1_147' title='bbox 586 2083 721 2175; x_wconf 87' lang='lat' dir='ltr'>jubeat</span> <span class='ocrx_word' id='word_1_148' title='bbox 774 2085 872 2185; x_wconf 88' lang='lat' dir='ltr'>Quid</span> <span class='ocrx_word' id='word_1_149' title='bbox 906 2085 1015 2159; x_wconf 87' lang='lat' dir='ltr'>saciet</span> <span class='ocrx_word' id='word_1_150' title='bbox 1046 2085 1266 2181; x_wconf 68' lang='lat' dir='ltr'>disciplina?</span> 
     </span>
     <span class='ocr_line' id='line_1_20' title="bbox 183 2183 1267 2278; baseline 0.004 -16"><span class='ocrx_word' id='word_1_151' title='bbox 183 2201 376 2278; x_wconf 89' lang='lat' dir='ltr'>utrumque</span> <span class='ocrx_word' id='word_1_152' title='bbox 391 2185 542 2278; x_wconf 88' lang='lat' dir='ltr'>recipiet</span> <span class='ocrx_word' id='word_1_153' title='bbox 558 2183 653 2276; x_wconf 86' lang='lat' dir='ltr'>quasr</span> <span class='ocrx_word' id='word_1_154' title='bbox 669 2198 837 2258; x_wconf 88' lang='lat' dir='ltr'>neutrum</span> <span class='ocrx_word' id='word_1_155' title='bbox 850 2185 1072 2278; x_wconf 87' lang='lat' dir='ltr'>prohibitum</span> <span class='ocrx_word' id='word_1_156' title='bbox 1088 2187 1161 2262; x_wconf 81' lang='lat' dir='ltr'>fit‘l</span> <span class='ocrx_word' id='word_1_157' title='bbox 1196 2189 1267 2266; x_wconf 83' lang='lat' dir='ltr'>An</span> 
     </span>
    </p>
   </div>
   <div class='ocr_carea' id='block_1_7' title="bbox 63 2281 1267 2381">
    <p class='ocr_par' dir='ltr' id='par_1_7' title="bbox 63 2281 1267 2381">
     <span class='ocr_line' id='line_1_21' title="bbox 63 2281 1267 2381; baseline 0.002 -19"><span class='ocrx_word' id='word_1_158' title='bbox 63 2286 65 2293; x_wconf 82' lang='lat'>&#39;</span> <span class='ocrx_word' id='word_1_159' title='bbox 115 2369 117 2381; x_wconf 29' lang='lat'>¹</span> <span class='ocrx_word' id='word_1_160' title='bbox 183 2303 376 2379; x_wconf 90' lang='lat' dir='ltr'>utrumque</span> <span class='ocrx_word' id='word_1_161' title='bbox 390 2284 552 2378; x_wconf 89' lang='lat' dir='ltr'>rejiciet,</span> <span class='ocrx_word' id='word_1_162' title='bbox 580 2281 674 2376; x_wconf 77' lang='lat' dir='ltr'>quasi</span> <span class='ocrx_word' id='word_1_163' title='bbox 688 2297 856 2358; x_wconf 90' lang='lat' dir='ltr'>neutrum</span> <span class='ocrx_word' id='word_1_164' title='bbox 868 2299 1085 2378; x_wconf 84' lang='lat' dir='ltr'>praeceptum</span> <span class='ocrx_word' id='word_1_165' title='bbox 1099 2282 1168 2360; x_wconf 74' lang='lat' dir='ltr'>sut</span> <span class='ocrx_word' id='word_1_166' title='bbox 1187 2287 1267 2366; x_wconf 85' lang='lat' dir='ltr'>Sed</span> 
     </span>
    </p>
   </div>
   <div class='ocr_carea' id='block_1_8' title="bbox 136 2383 1264 2686">
    <p class='ocr_par' dir='ltr' id='par_1_8' title="bbox 136 2383 1264 2686">
     <span class='ocr_line' id='line_1_22' title="bbox 186 2383 1264 2483; baseline -0.003 -20"><span class='ocrx_word' id='word_1_167' title='bbox 186 2387 286 2483; x_wconf 83' lang='lat' dir='ltr'>quod</span> <span class='ocrx_word' id='word_1_168' title='bbox 318 2405 396 2460; x_wconf 91' lang='lat' dir='ltr'>non</span> <span class='ocrx_word' id='word_1_169' title='bbox 430 2385 669 2480; x_wconf 79' lang='lat' dir='ltr'>prohibetur,</span> <span class='ocrx_word' id='word_1_170' title='bbox 705 2385 804 2458; x_wconf 90' lang='lat' dir='ltr'>ultro</span> <span class='ocrx_word' id='word_1_171' title='bbox 838 2383 1040 2477; x_wconf 87' lang='lat' dir='ltr'>permissum</span> <span class='ocrx_word' id='word_1_172' title='bbox 1074 2385 1156 2478; x_wconf 84' lang='lat' dir='ltr'>est3</span> <span class='ocrx_word' id='word_1_173' title='bbox 1183 2389 1264 2466; x_wconf 89' lang='lat' dir='ltr'>imo</span> 
     </span>
     <span class='ocr_line' id='line_1_23' title="bbox 136 2481 1014 2588; baseline -0.005 -25"><span class='ocrx_word' id='word_1_174' title='bbox 136 2513 138 2516; x_wconf 89' lang='lat'>·</span> <span class='ocrx_word' id='word_1_175' title='bbox 182 2487 398 2588; x_wconf 84' lang='lat' dir='ltr'>prohibetur</span> <span class='ocrx_word' id='word_1_176' title='bbox 414 2483 513 2580; x_wconf 92' lang='lat' dir='ltr'>quod</span> <span class='ocrx_word' id='word_1_177' title='bbox 530 2505 605 2558; x_wconf 89' lang='lat' dir='ltr'>non</span> <span class='ocrx_word' id='word_1_178' title='bbox 622 2483 720 2555; x_wconf 92' lang='lat' dir='ltr'>ultro</span> <span class='ocrx_word' id='word_1_179' title='bbox 739 2483 790 2556; x_wconf 87' lang='lat' dir='ltr'>est</span> <span class='ocrx_word' id='word_1_180' title='bbox 803 2481 1014 2576; x_wconf 79' lang='lat' dir='ltr'>permissum.</span> 
     </span>
     <span class='ocr_line' id='line_1_24' title="bbox 260 2583 1263 2686; baseline 0.003 -25"><span class='ocrx_word' id='word_1_181' title='bbox 260 2611 292 2682; x_wconf 86' lang='lat'>3.</span> <span class='ocrx_word' id='word_1_182' title='bbox 319 2587 369 2660; x_wconf 88' lang='lat' dir='ltr'>Et</span> <span class='ocrx_word' id='word_1_183' title='bbox 393 2585 560 2680; x_wconf 87' lang='lat' dir='ltr'>quamdiu</span> <span class='ocrx_word' id='word_1_184' title='bbox 585 2603 651 2678; x_wconf 89' lang='lat' dir='ltr'>per</span> <span class='ocrx_word' id='word_1_185' title='bbox 676 2585 769 2657; x_wconf 87' lang='lat' dir='ltr'>hanc</span> <span class='ocrx_word' id='word_1_186' title='bbox 792 2585 922 2657; x_wconf 89' lang='lat' dir='ltr'>lineam</span> <span class='ocrx_word' id='word_1_187' title='bbox 946 2583 1075 2659; x_wconf 88' lang='lat' dir='ltr'>serram</span> <span class='ocrx_word' id='word_1_188' title='bbox 1095 2589 1263 2686; x_wconf 87' lang='lat' dir='ltr'>recipro-</span> 
     </span>
    </p>
   </div>
   <div class='ocr_carea' id='block_1_9' title="bbox 56 2679 1265 2782">
    <p class='ocr_par' dir='ltr' id='par_1_9' title="bbox 56 2679 1265 2782">
     <span class='ocr_line' id='line_1_25' title="bbox 56 2679 1265 2782; baseline 0.003 -23"><span class='ocrx_word' id='word_1_189' title='bbox 56 2731 60 2740; x_wconf 88' lang='lat'><strong>·</strong></span> <span class='ocrx_word' id='word_1_190' title='bbox 184 2689 341 2762; x_wconf 84' lang='lat' dir='ltr'>cabimus</span> <span class='ocrx_word' id='word_1_191' title='bbox 376 2687 549 2764; x_wconf 82' lang='lat' dir='ltr'>habentes</span> <span class='ocrx_word' id='word_1_192' title='bbox 583 2679 874 2757; x_wconf 85' lang='lat' dir='ltr'>observationem</span> <span class='ocrx_word' id='word_1_193' title='bbox 909 2684 1149 2762; x_wconf 82' lang='lat' dir='ltr'>inveteratam</span> <span class='ocrx_word' id='word_1_194' title='bbox 1182 2699 1265 2782; x_wconf 75' lang='lat' dir='ltr'>quoe&#39;</span> 
     </span>
    </p>
   </div>
   <div class='ocr_carea' id='block_1_10' title="bbox 183 2781 1264 4061">
    <p class='ocr_par' dir='ltr' id='par_1_10' title="bbox 183 2781 1264 4061">
     <span class='ocr_line' id='line_1_26' title="bbox 183 2781 1264 2886; baseline 0.006 -28"><span class='ocrx_word' id='word_1_195' title='bbox 183 2786 443 2886; x_wconf 78' lang='lat' dir='ltr'>praeveniendo</span> <span class='ocrx_word' id='word_1_196' title='bbox 460 2783 588 2858; x_wconf 87' lang='lat' dir='ltr'>statum</span> <span class='ocrx_word' id='word_1_197' title='bbox 604 2781 719 2856; x_wconf 74' lang='lat' dir='ltr'>fecici</span> <span class='ocrx_word' id='word_1_198' title='bbox 744 2782 847 2856; x_wconf 81' lang='lat' dir='ltr'>Hanc</span> <span class='ocrx_word' id='word_1_199' title='bbox 861 2785 885 2857; x_wconf 91' lang='lat' dir='ltr'>s1</span> <span class='ocrx_word' id='word_1_200' title='bbox 897 2785 995 2858; x_wconf 89' lang='lat' dir='ltr'>nulla</span> <span class='ocrx_word' id='word_1_201' title='bbox 1010 2781 1186 2882; x_wconf 84' lang='lat' dir='ltr'>scriptura</span> <span class='ocrx_word' id='word_1_202' title='bbox 1201 2787 1264 2866; x_wconf 74' lang='lat' dir='ltr'>de</span> 
     </span>
     <span class='ocr_line' id='line_1_27' title="bbox 184 2881 1263 2980; baseline -0.002 -18"><span class='ocrx_word' id='word_1_203' title='bbox 184 2887 418 2978; x_wconf 84' lang='lat' dir='ltr'>terminavit,</span> <span class='ocrx_word' id='word_1_204' title='bbox 443 2895 542 2958; x_wconf 90' lang='lat' dir='ltr'>certe</span> <span class='ocrx_word' id='word_1_205' title='bbox 560 2881 785 2956; x_wconf 89' lang='lat' dir='ltr'>consuetudo</span> <span class='ocrx_word' id='word_1_206' title='bbox 799 2885 1085 2979; x_wconf 86' lang='lat' dir='ltr'>corroboravit,</span> <span class='ocrx_word' id='word_1_207' title='bbox 1122 2907 1202 2980; x_wconf 85' lang='lat' dir='ltr'>quae</span> <span class='ocrx_word' id='word_1_208' title='bbox 1222 2889 1263 2966; x_wconf 85' lang='lat' dir='ltr'>li·</span> 
     </span>
     <span class='ocr_line' id='line_1_28' title="bbox 183 2983 1262 3084; baseline -0.006 -20"><span class='ocrx_word' id='word_1_209' title='bbox 183 3011 232 3064; x_wconf 90' lang='lat' dir='ltr'>ne</span> <span class='ocrx_word' id='word_1_210' title='bbox 251 2987 368 3062; x_wconf 83' lang='lat' dir='ltr'>dubio</span> <span class='ocrx_word' id='word_1_211' title='bbox 395 2985 439 3058; x_wconf 90' lang='lat' dir='ltr'>de</span> <span class='ocrx_word' id='word_1_212' title='bbox 471 2983 666 3058; x_wconf 88' lang='lat' dir='ltr'>traditione</span> <span class='ocrx_word' id='word_1_213' title='bbox 700 2983 871 3058; x_wconf 86' lang='lat' dir='ltr'>manavit.</span> <span class='ocrx_word' id='word_1_214' title='bbox 924 2983 1127 3079; x_wconf 89' lang='lat' dir='ltr'>Quomodo</span> <span class='ocrx_word' id='word_1_215' title='bbox 1164 2991 1262 3084; x_wconf 81' lang='lat' dir='ltr'>enim</span> 
     </span>
     <span class='ocr_line' id='line_1_29' title="bbox 185 3081 1260 3182; baseline 0.001 -19"><span class='ocrx_word' id='word_1_216' title='bbox 185 3085 345 3182; x_wconf 88' lang='lat' dir='ltr'>usurpari</span> <span class='ocrx_word' id='word_1_217' title='bbox 378 3083 464 3178; x_wconf 90' lang='lat' dir='ltr'>quid</span> <span class='ocrx_word' id='word_1_218' title='bbox 492 3081 637 3178; x_wconf 88' lang='lat' dir='ltr'>potest,</span> <span class='ocrx_word' id='word_1_219' title='bbox 675 3083 701 3158; x_wconf 90' lang='lat' dir='ltr'>fi</span> <span class='ocrx_word' id='word_1_220' title='bbox 733 3081 901 3158; x_wconf 88' lang='lat' dir='ltr'>traditum</span> <span class='ocrx_word' id='word_1_221' title='bbox 932 3083 1030 3175; x_wconf 89' lang='lat' dir='ltr'>prius</span> <span class='ocrx_word' id='word_1_222' title='bbox 1063 3105 1145 3160; x_wconf 90' lang='lat' dir='ltr'>non</span> <span class='ocrx_word' id='word_1_223' title='bbox 1176 3087 1260 3164; x_wconf 71' lang='lat' dir='ltr'>esti</span> 
     </span>
     <span class='ocr_line' id='line_1_30' title="bbox 184 3181 1261 3286; baseline -0.001 -23"><span class='ocrx_word' id='word_1_224' title='bbox 184 3183 305 3264; x_wconf 84' lang='lat' dir='ltr'>Etiam</span> <span class='ocrx_word' id='word_1_225' title='bbox 328 3185 365 3258; x_wconf 92' lang='lat' dir='ltr'>in</span> <span class='ocrx_word' id='word_1_226' title='bbox 390 3183 594 3258; x_wconf 87' lang='lat' dir='ltr'>traditionis</span> <span class='ocrx_word' id='word_1_227' title='bbox 621 3183 777 3256; x_wconf 92' lang='lat' dir='ltr'>obtentu</span> <span class='ocrx_word' id='word_1_228' title='bbox 801 3182 976 3279; x_wconf 82' lang='lat' dir='ltr'>exigenda</span> <span class='ocrx_word' id='word_1_229' title='bbox 1006 3181 1080 3279; x_wconf 83' lang='lat' dir='ltr'>est,</span> <span class='ocrx_word' id='word_1_230' title='bbox 1116 3186 1261 3286; x_wconf 84' lang='lat' dir='ltr'>inquis,</span> 
     </span>
     <span class='ocr_line' id='line_1_31' title="bbox 185 3279 1259 3378; baseline 0.004 -16"><span class='ocrx_word' id='word_1_231' title='bbox 185 3283 377 3363; x_wconf 69' lang='lat' dir='ltr'>auctoritas</span> <span class='ocrx_word' id='word_1_232' title='bbox 395 3283 533 3377; x_wconf 85' lang='lat' dir='ltr'>scripta.</span> <span class='ocrx_word' id='word_1_233' title='bbox 585 3279 686 3378; x_wconf 81' lang='lat' dir='ltr'>Ergo</span> <span class='ocrx_word' id='word_1_234' title='bbox 702 3301 896 3374; x_wconf 76' lang='lat' dir='ltr'>queramus</span> <span class='ocrx_word' id='word_1_235' title='bbox 913 3305 957 3356; x_wconf 89' lang='lat' dir='ltr'>au</span> <span class='ocrx_word' id='word_1_236' title='bbox 975 3283 1009 3356; x_wconf 82' lang='lat' dir='ltr'>dt</span> <span class='ocrx_word' id='word_1_237' title='bbox 1028 3284 1179 3360; x_wconf 88' lang='lat' dir='ltr'>traditio</span> <span class='ocrx_word' id='word_1_238' title='bbox 1196 3287 1259 3366; x_wconf 83' lang='lat' dir='ltr'>nifi</span> 
     </span>
     <span class='ocr_line' id='line_1_32' title="bbox 183 3379 1261 3482; baseline 0.001 -22"><span class='ocrx_word' id='word_1_239' title='bbox 183 3385 315 3482; x_wconf 85' lang='lat' dir='ltr'>scripta</span> <span class='ocrx_word' id='word_1_240' title='bbox 334 3405 412 3458; x_wconf 90' lang='lat' dir='ltr'>non</span> <span class='ocrx_word' id='word_1_241' title='bbox 426 3385 556 3462; x_wconf 86' lang='lat' dir='ltr'>debeat</span> <span class='ocrx_word' id='word_1_242' title='bbox 570 3383 692 3476; x_wconf 89' lang='lat' dir='ltr'>recipi.</span> <span class='ocrx_word' id='word_1_243' title='bbox 741 3379 850 3457; x_wconf 87' lang='lat' dir='ltr'>Plane</span> <span class='ocrx_word' id='word_1_244' title='bbox 863 3383 1068 3480; x_wconf 85' lang='lat' dir='ltr'>negabimus</span> <span class='ocrx_word' id='word_1_245' title='bbox 1084 3387 1261 3481; x_wconf 85' lang='lat' dir='ltr'>reeipien-</span> 
     </span>
     <span class='ocr_line' id='line_1_33' title="bbox 185 3481 1259 3582; baseline 0.002 -22"><span class='ocrx_word' id='word_1_246' title='bbox 185 3485 318 3582; x_wconf 76' lang='lat' dir='ltr'>dum,s1</span> <span class='ocrx_word' id='word_1_247' title='bbox 337 3485 436 3558; x_wconf 88' lang='lat' dir='ltr'>nulla</span> <span class='ocrx_word' id='word_1_248' title='bbox 450 3483 612 3575; x_wconf 81' lang='lat' dir='ltr'>exempla</span> <span class='ocrx_word' id='word_1_249' title='bbox 623 3481 855 3574; x_wconf 81' lang='lat' dir='ltr'>praejudieent</span> <span class='ocrx_word' id='word_1_250' title='bbox 872 3483 1017 3556; x_wconf 85' lang='lat' dir='ltr'>aliarum</span> <span class='ocrx_word' id='word_1_251' title='bbox 1035 3481 1259 3566; x_wconf 83' lang='lat' dir='ltr'>observatio·</span> 
     </span>
     <span class='ocr_line' id='line_1_34' title="bbox 184 3579 1261 3678; baseline 0.004 -21"><span class='ocrx_word' id='word_1_252' title='bbox 184 3605 285 3678; x_wconf 88' lang='lat' dir='ltr'>num,</span> <span class='ocrx_word' id='word_1_253' title='bbox 297 3607 381 3678; x_wconf 81' lang='lat' dir='ltr'>quas</span> <span class='ocrx_word' id='word_1_254' title='bbox 402 3583 475 3656; x_wconf 80' lang='lat' dir='ltr'>sine</span> <span class='ocrx_word' id='word_1_255' title='bbox 490 3583 595 3655; x_wconf 88' lang='lat' dir='ltr'>ullius</span> <span class='ocrx_word' id='word_1_256' title='bbox 611 3579 791 3675; x_wconf 82' lang='lat' dir='ltr'>scripturae</span> <span class='ocrx_word' id='word_1_257' title='bbox 806 3581 1044 3656; x_wconf 88' lang='lat' dir='ltr'>instrumento</span> <span class='ocrx_word' id='word_1_258' title='bbox 1065 3581 1176 3658; x_wconf 89' lang='lat' dir='ltr'>solius</span> <span class='ocrx_word' id='word_1_259' title='bbox 1190 3599 1261 3662; x_wconf 84' lang='lat' dir='ltr'>tra·</span> 
     </span>
     <span class='ocr_line' id='line_1_35' title="bbox 184 3675 1260 3776; baseline 0.004 -18"><span class='ocrx_word' id='word_1_260' title='bbox 184 3683 331 3758; x_wconf 88' lang='lat' dir='ltr'>ditionis</span> <span class='ocrx_word' id='word_1_261' title='bbox 349 3683 479 3775; x_wconf 90' lang='lat' dir='ltr'>titulo,</span> <span class='ocrx_word' id='word_1_262' title='bbox 494 3682 624 3756; x_wconf 89' lang='lat' dir='ltr'>exinde</span> <span class='ocrx_word' id='word_1_263' title='bbox 639 3675 904 3768; x_wconf 84' lang='lat' dir='ltr'>consuetudinis</span> <span class='ocrx_word' id='word_1_264' title='bbox 919 3684 1128 3776; x_wconf 84' lang='lat' dir='ltr'>patrocinio</span> <span class='ocrx_word' id='word_1_265' title='bbox 1145 3686 1260 3762; x_wconf 87' lang='lat' dir='ltr'>vindi·</span> 
     </span>
     <span class='ocr_line' id='line_1_36' title="bbox 184 3775 1258 3878; baseline 0.01 -26"><span class='ocrx_word' id='word_1_266' title='bbox 184 3803 316 3858; x_wconf 82' lang='lat' dir='ltr'>camus.</span> <span class='ocrx_word' id='word_1_267' title='bbox 366 3783 536 3875; x_wconf 89' lang='lat' dir='ltr'>Denique</span> <span class='ocrx_word' id='word_1_268' title='bbox 562 3793 602 3854; x_wconf 91' lang='lat' dir='ltr'>ut</span> <span class='ocrx_word' id='word_1_269' title='bbox 626 3801 646 3854; x_wconf 89' lang='lat' dir='ltr'>a</span> <span class='ocrx_word' id='word_1_270' title='bbox 670 3775 878 3874; x_wconf 85' lang='lat' dir='ltr'>baptismate</span> <span class='ocrx_word' id='word_1_271' title='bbox 902 3781 1105 3878; x_wconf 86' lang='lat' dir='ltr'>ingrediar,</span> <span class='ocrx_word' id='word_1_272' title='bbox 1132 3805 1258 3878; x_wconf 83' lang='lat' dir='ltr'>aquam</span> 
     </span>
     <span class='ocr_line' id='line_1_37' title="bbox 184 3877 1257 3978; baseline 0.007 -24"><span class='ocrx_word' id='word_1_273' title='bbox 184 3879 337 3978; x_wconf 82' lang='lat' dir='ltr'>adiuui,</span> <span class='ocrx_word' id='word_1_274' title='bbox 360 3883 513 3978; x_wconf 83' lang='lat' dir='ltr'>ibidem,</span> <span class='ocrx_word' id='word_1_275' title='bbox 540 3877 600 3955; x_wconf 88' lang='lat' dir='ltr'>sed</span> <span class='ocrx_word' id='word_1_276' title='bbox 616 3879 650 3955; x_wconf 80' lang='lat' dir='ltr'>u</span> <span class='ocrx_word' id='word_1_277' title='bbox 667 3881 848 3974; x_wconf 83' lang='lat' dir='ltr'>aliquanto</span> <span class='ocrx_word' id='word_1_278' title='bbox 867 3879 966 3978; x_wconf 89' lang='lat' dir='ltr'>prius</span> <span class='ocrx_word' id='word_1_279' title='bbox 983 3881 1022 3958; x_wconf 89' lang='lat' dir='ltr'>in</span> <span class='ocrx_word' id='word_1_280' title='bbox 1038 3883 1186 3961; x_wconf 74' lang='lat' dir='ltr'>ecclesia</span> <span class='ocrx_word' id='word_1_281' title='bbox 1197 3883 1257 3964; x_wconf 88' lang='lat' dir='ltr'>sub</span> 
     </span>
     <span class='ocr_line' id='line_1_38' title="bbox 1118 3985 1210 4061; baseline -0.033 0"><span class='ocrx_word' id='word_1_282' title='bbox 1118 3985 1210 4061; x_wconf 81' lang='lat' dir='ltr'>anti·</span> 
     </span>
    </p>
   </div>
   <div class='ocr_carea' id='block_1_11' title="bbox 0 0 1312 4336">
    <p class='ocr_par' dir='ltr' id='par_1_11' title="bbox 0 0 1312 4336">
     <span class='ocr_line' id='line_1_39' title="bbox 0 0 1312 4336; baseline 0 0"><span class='ocrx_word' id='word_1_283' title='bbox 0 0 1312 4336; x_wconf 95' lang='lat' dir='ltr'> </span> 
     </span>
    </p>
   </div>
  </div>
 </body>
</html>
