2582 4322
157 176 227 280 366
264 167 267 183 ⁴
301 178 349 280 Q.
374 173 676 254 Suarffstos.
699 169 1077 300 Tnturunrrrrrs

116 355 121 380 ²
156 343 317 444 preveni
336 339 530 434 profugere
546 339 584 412 in
597 335 782 432 Tharsos,
804 339 891 428 :quia
914 345 1167 436 cognoveram
1186 353 1232 416 te

156 443 227 520 'ese
256 438 517 516 misericordem
549 437 583 512 δι
613 435 918 531 miserescentem,
952 439 1152 530 patientem
1192 441 1230 513 dr

155 542 344 639 plurimum
360 538 627 630 misericordia,
652 541 880 630 paenitentem
897 539 1117 632 malitiarum
1156 537 1230 612 Be-

126 641 204 718 ,nc
227 643 358 737 igitur,
391 638 489 730 quod
512 637 674 730 praemisit
705 639 830 730 optimi
861 638 931 710 Dei
963 638 1124 730 titulum,
1151 661 1228 734 spa·

156 739 342 816 tientilsrrni
361 737 494 810 scilicet
514 735 616 830 super
633 737 772 828 malos,
800 735 834 808 u
855 735 1130 811 abundantissimi
1158 740 1226 810 mi·

156 839 356 917 sericordiae
387 838 420 910 u
450 835 681 910 miserationis
705 833 807 928 super
840 833 1132 930 agnoscentes&
1159 837 1225 910 de·

156 942 363 1036 plangentes
379 935 503 1010 delius
517 933 589 1028 sua,
613 937 734 1025 quales
751 949 837 1008 tunc
855 935 1037 1028 Ninivim.
1068 933 1107 1008 Si
1122 939 1224 1012 enini

157 1040 329 1132 optimus,
354 1035 523 1128 qui-talis:
548 1034 592 1106 de
608 1033 675 1106 isto
691 1033 786 1127 prius
806 1029 931 1108 cciiisie
945 1034 1109 1128 debebis,
1135 1057 1223 1112 non

158 1151 365 1231 competere
379 1139 415 1208 in
434 1136 559 1226 talem,
586 1131 687 1206 idest
705 1135 743 1204 in
763 1135 960 1228 optimum,
994 1133 1100 1208 ctiam
1119 1137 1221 1208 mali·

139 1241 217 1311 tia
230 1233 452 1310 concursum.
502 1229 552 1307 Et
570 1234 653 1324 quie
671 1232 707 1306 bt
721 1229 888 1306 Marcion
907 1231 1086 1328 defendit,
1111 1235 1221 1306 arbo-

129 1419 132 1423 ,
155 1347 231 1412 ren
246 1337 378 1408 bonam
398 1335 510 1408 malos
529 1348 673 1424 quoquc
695 1329 827 1404 frenus
851 1353 928 1406 non
953 1333 1061 1406 licere
1081 1334 1220 1428 produ·

155 1455 261 1528 cere,
287 1431 346 1508 sed
363 1433 529 1506 malitiam
550 1443 670 1504 tamen
691 1431 909 1525 nominavit,
936 1433 1035 1528 quod
1055 1433 1217 1526 optimus

154 1553 233 1618 pon
252 1535 365 1626 capit:
386 1529 557 1622 numquid
573 1530 687 1622 aliqua
700 1530 950 1624 interpretatio
964 1529 1078 1605 subest
1090 1553 1218 1606 earum

152 1633 363 1714 malitiarum
386 1629 714 1728 intelligendarum,
746 1647 823 1722 quae
847 1631 1035 1726 posint&
1058 1633 1096 1704 in
1121 1631 1218 1726 opti·

155 1752 252 1812 mum
271 1725 532 1806 decucumset
558 1727 683 1802 Subest
696 1743 827 1808 autem.
861 1729 1024 1802 Dicimus
1045 1729 1216 1825 denique,

155 1833 322 1910 malitiam
335 1825 647 1925 nuncsrgnificari,
680 1849 756 1902 non
779 1831 856 1920 quae
881 1828 924 1902 ad
945 1831 1217 1904 naturamredi·

158 1943 260 2030 gatru
278 1928 474 2024 creatoris,
502 1927 594 2020 quau
608 1928 709 2020 mali,
741 1925 800 2000 sed
820 1949 896 2020 quae
913 1927 954 2000 ad
974 1927 1215 2023 potestatem,

156 2027 248 2126 quali
269 2026 416 2121 judicis,
441 2025 630 2100 secundum
650 2044 758 2118 quant
782 2027 1003 2124 enunciant,
1035 2026 1116 2125 Ego
1139 2027 1217 2103 sum

155 2129 217 2220 qul
239 2125 361 2202 condo
384 2127 491 2199 mala:
525 2125 669 2198 &ecce
694 2145 763 2221 ego
789 2129 915 2200 emitto
925 2125 978 2199 :in
1004 2141 1072 2199 vus
1098 2128 1214 2223 mala,

155 2223 470 2322 nonpcccatoria,
502 2222 562 2298 sed
588 2225 739 2318 ursona,
773 2243 926 2316 quorum
945 2223 1025 2300 satis
1049 2226 1213 2300 diluimus

155 2327 354 2418 infantiam,
390 2335 432 2396 ut
459 2324 731 2420 congruentium
756 2323 876 2417 judici.
942 2320 1043 2398 Sicut
1070 2339 1210 2420 autem,

156 2427 243 2502 licet
259 2425 351 2500 mala
367 2421 553 2516 dicantur,
589 2441 666 2496 non
685 2423 992 2518 reprehenduntur
1012 2426 1048 2496 in
1068 2423 1211 2518 judice,

155 2545 225 2600 nec
238 2527 311 2602 hoc
323 2520 546 2598 nominssuo
562 2523 691 2596 malum
705 2523 859 2615 judicem
878 2523 1086 2598 ostendunt:
1110 2525 1161 2598 ita
1175 2524 1213 2598 dt

73 2650 77 2664 ¹
154 2625 287 2698 malitia
303 2623 379 2696 haec
402 2616 712 2734 eritintellignda
730 2641 846 2716 nunc,
873 2643 949 2714 quar
965 2643 1010 2695 ex
1025 2623 1209 2698 illismalis
1232 2630 1236 2639 ’

151 2722 343 2816 judiciariis
359 2719 547 2814 deputata,
573 2721 743 2814 cumipse
762 2735 943 2815 competat
955 2721 1075 2814 judici.
1113 2721 1209 2800 Nam

155 2821 192 2897 tc
214 2818 308 2914 apud
333 2815 480 2892 Graecos
504 2819 682 2894 interdum
706 2821 844 2897 malitia
866 2839 935 2915 pro
954 2822 1208 2897 vexationibus

156 2921 192 2995 s
221 2917 374 3012 laesuris,
407 2937 485 2992 non
508 2937 576 3012 pro
600 2919 872 3014 malignitatibus
905 2929 1114 3016 ponuntur,
1145 2922 1208 2996 sre-

34 3025 43 3046 ''
153 3033 196 3094 ut
220 3019 256 3094 dt
278 3019 315 3093 in
330 3017 416 3096 usto·
439 3017 600 3102 articulo.
675 3015 801 3111 Atque
831 3019 924 3092 adeo
957 3019 982 3094 u
1012 3021 1087 3112 ejus
1111 3021 1207 3095 maii·

153 3121 214 3194 tiae
237 3118 403 3216 poninus
433 3131 653 3212 creatorem,
681 3117 780 3212 ‘quast
810 3132 980 3192 creamtae
1013 3123 1206 3213 reprobun-

153 3219 208 3294 cla
239 3215 398 3313 scilicet,
439 3218 474 3290 dt·
506 3215 667 3291 delium
700 3217 948 3292 vindicandaer
983 3215 1097 3311 Atqui
1137 3241 1206 3294 nec

44 3368 48 3374 -
152 3319 213 3396 hie
247 3318 375 3393 ullum>
395 3315 571 3392 admissum
606 3313 830 3392 criminosum
854 3317 1081 3412 reputabitur
1114 3339 1237 3394 crea·

140 3419 256 3511 tori,
295 3415 356 3510 qui
387 3417 625 3508 iniquiffimam
654 3415 837 3490 umorem
870 3417 975 3514 digne
1005 3417 1207 3510 meritoque

150 3515 366 3621 peccaverat
398 3514 635 3629 abolendama
675 3515 745 3610 ita,
778 3513 992 3632 quodjuris
1011 3513 1204 3592 destinaue-

150 3629 234 3788 tte
262 3609 1059 3808 tutttltsttadlltmttt
1073 3632 1203 3789 ‘stt

149 3811 275 3908 nauis,
310 3831 356 3888 cx
369 3763 524 3889 mrlo⁷dr
537 3812 672 3892 merite
697 3813 732 3892 δι
754 3811 1073 3988 ρεῶοηίῌρῦιιεὰὶ
1106 3811 1202 3912 Ergo

197 3932 200 3940 ’
358 3932 378 3966 1²
1006 3963 1014 3984 .
1074 3931 1152 4010 ces,
