2608 4338
251 111 260 152 ,
1188 153 1191 156 .

207 170 1017 278 inversusMancro¹usn.³L‘1a.V.
1090 208 1161 298 '573

85 352 183 444 latmo
201 361 237 432 de
255 363 350 432 humo
368 358 531 448 turrinus,
553 357 703 451 secundus
719 361 862 432 daminus
877 361 914 431 de
934 359 1013 439 coelo.
1066 363 1163 463 Qua'·

84 483 131 540 te
161 459 669 556 secundus,s1nonh'om0,
704 461 802 556 quod
830 460 863 533 u
890 457 1051 556 primus?
1085 460 1162 538 Aut

85 561 255 654 nunquid
275 561 309 634 a
351 558 459 634 rimus
477 559 660 654 dominus,
686 561 771 634 si&
784 557 982 633 secundus?
1008 557 1077 633 Sed
1095 559 1162 635 suf·

20 679 21 760 j
87 659 194 754 ficit,
220 660 244 736 fi
261 662 299 734 in
314 583 516 756 &vangelio
532 655 642 734 filium
654 661 805 734 hominis
822 659 964 734 adhibet
986 655 1162 738 Christum

77 761 128 838 3&
144 761 342 853 hominem,
357 759 391 832 &
404 761 442 832 in
456 759 601 832 homine
614 755 745 853 Adam,
773 779 851 834 eum
866 775 996 856 negare
1008 775 1163 854 nonpo-

20 905 21 918 2
86 861 190 935 terit
221 859 413 951 Sequentia
426 879 569 950 quoque
585 879 665 932 eum
683 860 931 956 comprimunt.
958 856 1048 932 Cum
1067 859 1162 936 enin

90 960 183 1034 dicit
209 957 436 1052 ApostoltlS,
472 961 575 1057 qualis
603 965 658 1050 qui
679 961 713 1030 de
729 977 836 1046 terra,
862 959 974 1032 homo
998 955 1161 1054 scilicet,

88 1061 174 1131 tales
193 1057 230 1133 b
248 1065 390 1143 terreni,
417 1061 557 1128 homines
572 1058 707 1150 utique.
757 1057 853 1154 Ergo
873 1055 907 1132 δι
932 1061 1035 1156 qualis
1049 1063 1106 1156 qui
1124 1061 1161 1130 de

89 1160 164 1231 caelo
183 1158 319 1251 home,
347 1157 427 1227 mles
453 1157 492 1235 (ὅ
517 1166 571 1254 qui
593 1163 627 1230 de
644 1160 719 1252 caia
734 1157 904 1231 homines.
955 1155 1046 1230 Non
1067 1158 1160 1235 erim

91 1271 240 1358 poterat
259 1257 461 1331 hominibus
480 1257 628 1331 terrenis
650 1277 725 1330 non
743 1257 904 1330 homines
921 1255 1076 1332 coelest'es
1092 1277 1159 1351 op-

89 1353 270 1454 posuiss'e,
294 1369 337 1428 ut
352 1355 479 1430 statum
502 1375 544 1429 ac
567 1355 662 1450 spem
680 1355 861 1430 studiosius
881 1355 1109 1453 distingueret
1122 1357 1160 1430 in

92 1453 545 1552 appellationisso'cietate.
597 1455 699 1552 Statu
716 1457 808 1530 enim
832 1475 873 1528 ac
888 1455 952 1550 'spe
981 1455 1067 1530 dicit
1090 1462 1161 1530 ter'·

90 1567 331 1648 renos'atque
350 1555 506 1628 coelestes
521 1555 711 1649 homines,
743 1569 861 1652 tamen
883 1575 927 1628 ex
946 1555 1047 1648 pari,
1074 1557 1160 1650 qui,

91 1655 287 1732 secundum
306 1657 467 1746 exitum,
493 1656 611 1728 autin
631 1653 746 1730 Adam
762 1656 872 1727 autin
893 1648 1032 1728 Christo
1052 1655 1161 1750 depo·
1186 1675 1189 1692 ¹

20 1799 21 1840 5
90 1765 229 1829 tantur.
278 1751 327 1826 Et
342 1753 424 1826 ideo
442 1755 513 1848 jum
531 1754 574 1826 ad
595 1753 882 1828 exhortationem
898 1751 970 1848 spei
984 1751 1159 1848 coelestis,

20 1883 21 1886 ¹
83 1856 170 1953 ficui
180 1857 405 1952 portavimus,
431 1860 569 1947 lnquit,
596 1853 759 1947 imaginem
778 1861 920 1936 terreni,
944 1871 1099 1949 portemus
1118 1851 1159 1936 ὕ,

93 1959 263 2045 imaginem
286 1953 425 2044 celestis,
461 1974 536 2026 non
562 1953 606 2026 ad
623 1949 846 2028 substantiam
866 1954 973 2026 uliam
998 1952 1158 2027 referens

94 2050 381 2145 resurreiiionis,
409 2049 468 2126 sed
486 2053 528 2123 ad
546 2053 723 2146 praesentis
746 2055 917 2146 temporis
933 2049 1157 2146 disciplinam.

94 2151 284 2344 Fuimus
305 2151 418 2242 enim,
444 2152 583 2243 inquit,
609 2173 685 2224 non
703 2153 949 2246 portabimus,
976 2151 1160 2244 praecepti·

96 2275 145 2325 ve
216 2272 265 2322 on
283 2249 507 2342 promiffive3
533 2251 664 2322 volens
681 2272 748 2322 nos
764 2251 850 2322 sicut
871 2248 943 2342 ipse
958 2250 1092 2324 incefflt
1108 2251 1159 2323 ita

96 2349 284 2443 incedere,
312 2347 548 2442 &atemeni,
575 2349 610 2419 id
629 2347 823 2423 estveteris
836 2349 988 2421 hominis
1006 2347 1158 2445 imagine

97 2447 308 2539 abscedere,
335 2467 412 2539 quae
426 2445 479 2518 est'
493 2445 639 2520 carnalis
659 2449 836 2542 operatio.
887 2445 1053 2539 Denique
1073 2447 1158 2538 quid

96 2545 299 2644 subjungit?
328 2551 592 2632 Huaenimdico,
616 2545 758 2640 fratres,
793 2551 952 2641 quiacaro
973 2547 1012 2623 (5
1025 2547 1160 2639 [tinguis

96 2661 226 2742 'regnum
244 2653 308 2719 Dei
319 2671 385 2718 nan
393 2645 605 2743 poffideiunr:
628 2645 750 2740 Opera
765 2645 897 2718 scilicet
910 2647 1024 2718 carnis
1036 2647 1071 2720 dt
1084 2645 1158 2720 sane

98 2748 223 2846 guinis.
276 2747 465 2918 quibus&
486 2747 528 2818 ad
544 2743 687 2819 Galatas
710 2745 892 2840 scribens,
927 2744 1067 2820 abstulit
1084 2743 1158 2820 Dei

98 2867 264 2943 regnum,
305 2847 412 2918 olitus
429 2845 463 2918 dt
479 2847 560 2918 alias
578 2844 798 2920 substantiam
813 2843 1158 2940 pro‘operibusiitb·

98 2947 229 3022 stantia
245 2965 402 3040 ponere,
428 2957 565 3019 tat-cum
576 2946 681 3038 dicit,
710 2965 793 3038 eos,
820 2947 928 3036 quiin
944 2943 1156 3037 earnesunt,
1188 3015 1194 3026 ,

20 3119 21 3126 Ν
98 3045 183 3122 Deo
200 3045 342 3137 placere
361 3065 437 3116 non
452 3043 562 3138 posse.
622 3045 778 3144 Quando
800 3044 890 3118 enim
909 3043 1049 3137 placere
1069 3041 1156 3116 Deo

20 3175 21 3240 i
98 3145 315 3242 poterimus,
342 3143 405 3218 nist
424 3143 505 3218 dum
521 3147 559 3217 in
575 3163 681 3218 came
693 3145 760 3218 hae
775 3141 913 3217 sumus?
943 3140 1052 3215 Aliud
1067 3155 1156 3216 tem-

20 3279 21 3294 ÷
99 3265 163 3342 pus
180 3243 422 3336 operationis,
448 3245 583 3317 nulium
600 3245 731 3338 opinor
756 3241 815 3317 est.
866 3241 936 3316 Sed
954 3239 979 3314 s1
996 3243 1033 3320 in
1051 3259 1157 3314 carne

20 3383 70 3408 ¹
100 3353 307 3438 quamquam
332 3341 540 3437 constanti,
567 3345 679 3416 carnis
714 3361 825 3436 opera
853 3337 1052 3438 fugiamus,
1077 3351 1158 3416 tum

100 3464 174 3518 non
196 3443 326 3514 erimus
346 3443 382 3514 in
405 3463 536 3536 carne,
571 3445 653 3517 dum
672 3461 747 3515 non
770 3440 806 3515 in
831 3439 1018 3514 substantia
1040 3439 1156 3516 carnit

100 3563 175 3618 non
188 3539 324 3633 sumus,
348 3537 408 3616 sed
419 3543 456 3616 in
472 3545 584 3635 culpa.
638 3539 789 3642 Quodsi
806 3543 844 3614 in
860 3541 1005 3616 nomine
1021 3539 1158 3634 'carnin

103 3661 210 3734 opera
231 3659 306 3714 non
326 3637 559 3724 ,substantiam
591 3644 724 3735 camis,
754 3642 919 3736 jubemur
951 3657 1154 3733 exponere:

25 3818 30 3832 ,
103 3740 268 3832 operibus
287 3759 374 3836 ergo
391 3741 527 3836 camis,
555 3761 630 3814 non
649 3740 881 3836 substantia,
901 3741 1013 3814 tarnis
1031 3739 1068 3814 in
1088 3754 1155 3838 no·

101 3841 213 3936 princ,
240 3839 433 3949 denegatur
446 3838 517 3918 Dei
533 3860 690 3944 regnum.
731 3836 831 3916 'Nou
850 3836 1154 3918 immid-uam·
1281 3875 1282 3878 ¹

20 4007 21 4012 a
165 3989 175 4004 .
1021 3951 1101 4029 au,
