2616 4336
144 233 280 314 4132
355 215 404 316 Q.
427 210 569 288 serr⁴
593 180 1131 286 Fr'drt'Trrruttraur

78 461 82 468 ,
206 378 277 454 Sed
294 373 505 470 quomode,
523 346 667 466 inquis,
694 370 859 447 dissoluta
875 373 1023 446 materia
1036 371 1193 446 exhiberi
1204 350 1270 467 pus

207 477 301 554 test?
336 475 529 549 Considera
553 469 778 565 temetipsum
803 493 827 543 o
852 471 989 565 home,
1027 472 1062 544 &
1085 470 1189 546 fidem
1217 469 1285 546 res.

205 578 380 654 invenies.
431 571 610 669 Recogita
627 571 713 664 quid
725 569 848 664 fueris,
876 583 1064 662 antequam
1082 569 1179 665 esses,
1202 573 1270 645 uti·

206 701 275 772 que
289 676 400 749 nihil:
425 671 633 748 meminisses
653 671 747 744 enim
762 669 893 762 siquid
911 669 1061 745 fuisses·
1092 672 1163 771 Qui
1185 689 1271 768 ergo

166 818 169 831 ·
204 779 293 852 nihil
309 774 427 848 fueras
444 771 642 870 priusquam
665 769 772 863 esses,
808 769 903 844 idem
927 771 1015 844 nihil
1034 769 1143 844 lassus
1166 791 1272 862 quum

206 875 276 951 elle
297 874 458 948 defierisr
485 893 547 946 cur
564 893 640 946 non
655 869 762 964 possis
779 868 847 944 esse
862 869 979 944 rursus
998 870 1042 944 de
1059 869 1171 942 nihilo
1186 867 1274 964 ejus·

206 977 288 1052 dem
305 973 409 1068 ipsius
435 971 588 1048 audetis
607 971 821 1062 voluntate,
851 971 915 1062 *qui
942 985 979 1042 te
1003 969 1125 1042 voluit
1145 967 1211 1042 esle
1228 970 1273 1048 de

204 1072 346 1150 mullos
374 1071 473 1174 Quid
482 1071 573 1146 novi
588 1070 654 1142 tibi
673 1067 844 1144 eveniet?
868 1069 928 1162 qui
943 1089 1020 1142 non
1037 1090 1136 1162 eras,
1161 1067 1273 1144 faetus

205 1197 263 1250 es:
297 1192 405 1267 quum
422 1173 551 1245 iterum
566 1189 643 1244 non
661 1171 750 1262 eris,
783 1165 859 1242 fies
909 1167 1035 1242 Redde
1055 1169 1080 1242 fi
1099 1180 1201 1262 potes
1215 1161 1275 1242 'ra-

204 1278 345 1350 tionem
363 1269 566 1363 qua'saslus
590 1291 650 1362 es,
687 1269 832 1344 &ttulc
850 1269 992 1358 require
1012 1290 1081 1360 qua
1098 1265 1172 1344 fies.
1223 1267 1276 1350 Et

66 1445 70 1455 ,
205 1389 326 1448 tamen
340 1369 478 1444 facilius
492 1369 616 1461 utique
630 1365 716 1461 fies,
744 1367 842 1460 quod
857 1365 953 1444 fuisti
967 1367 1171 1460 aliquando,
1192 1371 1276 1465 quia

204 1495 305 1566 aeque
325 1491 402 1545 non
423 1457 564 1546 difficile
588 1467 699 1542 fastus
721 1489 758 1541 es
778 1468 877 1560 quod
897 1488 1077 1559 nunquam
1094 1467 1187 1541 suisti
1216 1469 1276 1542 ali·

206 1572 361 1666 quande.
387 1570 625 1645 Dubitabitur
638 1568 750 1640 eredo
764 1567 808 1640 de
818 1565 875 1640 dei
885 1567 1044 1660 viribus,
1059 1569 1119 1660 qui
1134 1583 1277 1644 tantum

205 1693 339 1767 eorpus
359 1673 433 1746 hoc
454 1669 576 1745 mundi
595 1668 640 1741 de
659 1688 707 1742 eo
728 1667 827 1759 quod
844 1687 920 1742 non
940 1667 1080 1760 fuerat,
1113 1689 1190 1740 non
1213 1670 1276 1742 rni-

203 1789 388 1866 nusquam
404 1771 449 1844 de
462 1783 584 1844 morte
602 1768 803 1840 vacationis
826 1767 1056 1840 &inanitatis
1073 1765 1279 1862 composuit

205 1873 397 1946 minatum
406 1868 530 1964 spiritu
544 1869 703 1941 omnium
721 1869 914 1944 animarum
930 1867 1140 1960 animatore,
1166 1867 1279 1964 srgna·

203 1987 282 2045 tum
301 1969 335 2044 ἃ
351 1987 415 2062 per
429 1967 540 2062 ipsum
556 1968 716 2040 humane
732 1965 996 2040 resurredlionis
1019 1965 1224 2059 exemplum
1238 1969 1280 2045 in

203 2070 447 2146 testimonium
460 2067 580 2140 vobis.
630 2063 712 2138 Lux
735 2066 896 2158 quotidie
916 2063 1104 2139 interfesia
1122 2061 1278 2160 resplen-

204 2173 287 2264 det,
316 2167 524 2258 &tenebre
538 2166 709 2260 parivice
723 2165 931 2240 decedendo
946 2164 1163 2258 succedunt,
1189 2166 1281 2240 fide-

196 2291 244 2366 -ra
262 2267 429 2346 delunua
442 2263 686 2359 reviviscunt,
711 2279 876 2358 tempora
887 2266 949 2338 ubi
966 2261 1163 2358 finiuntur,
1190 2267 1281 2342 inci·

202 2373 330 2467 piunt,
355 2367 490 2444 frutlus
502 2363 760 2440 consumuntur
778 2365 813 2460 dt
829 2365 1001 2454 redeunt3
1029 2379 1127 2437 certe
1146 2363 1283 2440 semina

148 2538 152 2549 .
202 2493 281 2544 non
307 2469 370 2544 nisr
404 2477 576 2560 corrupta
608 2465 643 2538 ἃ
672 2463 836 2538 dissoluta
870 2463 1069 2538 fecundius
1102 2463 1281 2564 surgunt,

204 2569 325 2646 omniu
343 2567 530 2662 pereundo
548 2562 757 2657 servantur,
785 2565 904 2638 omnia
926 2563 971 2638 de
991 2563 1140 2638 interitu
1160 2565 1283 2642 refor-

185 2682 357 2743 mantur.
407 2663 470 2738 Tu
486 2665 599 2738 homo
621 2677 762 2739 tantum
783 2685 937 2758 nomen,
969 2663 1195 2760 srintelligas
1221 2681 1283 2760 te,

203 2771 266 2841 vel
283 2767 328 2840 de
347 2767 456 2838 titulo
480 2763 796 2858 Pythiaediseens,
823 2765 988 2838 dominus
1013 2764 1177 2838 omnium
1202 2788 1284 2842 mo·

186 2867 371 2940 .r·ientium
391 2861 700 2958 &resurgentium
719 2917 732 2957 ,
768 2861 813 2936 ad
830 2863 903 2938 hoc
918 2865 1080 2940 morieris
1098 2917 1111 2959 ,
1137 2877 1183 2938 ut
1200 2887 1285 2960 per·

116 2961 123 2982 ⁸
203 2967 295 3039 eas‘l
320 2963 539 3054 Ubicunque
555 2959 732 3036 resolutus
750 2959 881 3054 fueris,
908 2983 1128 3057 quaeeunque
1146 2977 1188 3037 te
1209 2987 1285 3040 ma·

201 3067 293 3139 teria
311 3060 550 3154 destruxerit,
584 3060 760 3154 hauserit,
798 3064 1019 3155 aboleverit,
1057 3062 1094 3137 in
1124 3063 1285 3140 nihilum

200 3165 434 3260 prodegerit,
458 3161 586 3236 reddet
607 3176 657 3235 te.
708 3157 794 3258 Ejus
816 3161 867 3235 est
882 3163 1030 3237 nihilum
1048 3159 1193 3258 ipsum,
1223 3185 1287 3241 cu·

198 3269 256 3358 jus
279 3263 314 3337 de
338 3277 471 3338 toturn
537 3258 659 3358 Ergo,
689 3261 856 3356 inquitis,
883 3261 1018 3356 semper
1047 3261 1288 3338 moriendum

201 3367 293 3457 erit,
321 3360 511 3456 &semper
525 3359 787 3458 resurgendum.
838 3359 874 3436 Si
892 3363 943 3436 ita
960 3383 1081 3436 rerum
1104 3362 1289 3438 dominus

199 3459 419 3556 destinasset,
443 3459 590 3556 ingratis
608 3460 818 3555 experireris
832 3463 1051 3536 conditionis
1063 3463 1284 3559 tuaelegem.

198 3562 254 3637 At
286 3583 383 3637 nunc
417 3581 495 3654 non
526 3559 627 3632 aliter
657 3557 874 3654 destinavit,
911 3581 1016 3654 quam
1048 3561 1283 3654 praedicavit

197 3668 291 3763 Qum
315 3663 409 3734 ratio
434 3659 701 3732 universitatem
727 3680 772 3732 ex
799 3659 1005 3737 diversitate
1038 3659 1285 3754 composuit,

195 3777 240 3836 ut
259 3762 381 3836 omnia
395 3779 439 3832 ex
457 3757 589 3831 aemttlis
609 3755 806 3833 substantiis
823 3758 884 3832 sub
900 3763 1040 3834 unitate
1063 3759 1286 3835 constarent

197 3883 243 3936 ex
261 3881 382 3936 vacuo
399 3856 433 3932 ἃ
453 3850 593 3954 solido,
619 3857 819 3938 exurendi
837 3859 1085 3954 eliminati,
1112 3880 1165 4036 {ii
1181 3881 1287 3940 com·

1065 3980 1113 4058 pr
1168 3975 1245 4038 en·
