2612 4328
236 133 242 142 .
510 75 521 128 l
566 131 570 144 .
604 131 607 142 .
959 135 966 144 .

147 204 257 288 ⁴310·
305 185 354 290 Q.
372 183 516 291 ¹Saum
540 183 687 262 Fron.
713 183 1096 300 Terruerunt
1133 175 1140 182 ’

163 351 238 429 Dei
261 350 422 446 pignus,
461 367 573 442 opera
597 349 674 443 ejus
707 319 796 425 'Deo
835 348 977 448 digna
1010 347 1140 442 Itaque
1168 349 1253 426 hoc

161 451 314 528 nomine
345 443 546 524 cessationis
567 447 828 524 &defessionis
849 463 1028 544 operum,
1060 449 1101 540 ¹sc
1125 451 1249 546 impu-

24 567 25 590 *
130 583 134 590 ·
163 551 296 625 dentiae
321 551 355 622 tr
380 549 608 644 malignitatis
636 545 747 622 affinis
772 549 833 624 est.
882 549 1144 645 Inpudentiae,
1174 573 1249 646 qua

24 675 25 680 ‘
163 649 364 728 fidemnon
385 647 614 726 debitamsrbi
642 661 785 744 captat,
812 649 869 722 cui
886 649 1136 744 praestruendae
1153 653 1249 731 nihil

162 748 368 848 prospexit:
414 749 665 845 malignitatis,
714 769 784 842 qua
823 749 942 846 plures
977 749 1248 826 incredulitatis

158 871 251 938 reos
270 849 383 940 fecit,
409 847 496 923 nihil
511 845 595 922 fidei
612 848 855 942 procurando.
960 881 967 895 <

244 965 300 1042 13.
327 947 418 1022 Cum
445 947 566 1022 Deum
586 947 660 1023 hoc
685 949 796 1044 gradu
815 949 1044 1044 expellimus,
1078 952 1142 1023 cui
1166 953 1249 1028 nul·

161 1051 200 1127 la
214 1049 378 1122 conditio
393 1061 465 1122 tam
483 1050 630 1144 propria
649 1049 683 1120 ἀ
702 1047 790 1122 Deo
808 1048 934 1144 digna,
972 1071 1078 1150 quarn
1100 1067 1247 1126 creato-

161 1147 213 1224 ris
242 1148 483 1224 testimonium
510 1147 797 1244 praesignaverit,
833 1167 955 1222 narem
979 1151 1250 1226 contrahentes

160 1245 446 1346 impudentissimi
465 1244 723 1343 Marcionitae,
752 1259 1019 1325 convertuntur
1039 1249 1085 1322 ad
1108 1249 1250 1326 destru-

163 1348 320 1426 teronem
359 1365 511 1439 operum
550 1349 736 1426 creatoris.
805 1347 1015 1440 Nimirum,
1052 1349 1248 1446 inquiunt,

163 1448 297 1546 grande
314 1446 454 1544 opus&
470 1446 614 1544 dignum
630 1445 741 1543 Deo,
767 1447 931 1526 mundus.
981 1449 1175 1544 Numquid
1192 1473 1249 1526 ere

164 1569 215 1646 go
238 1561 386 1623 creator
410 1545 554 1622 minime
579 1546 708 1622 Deus?
740 1547 848 1622 Plane
870 1545 983 1624 Deus.
1047 1543 1153 1644 Ergo
1176 1573 1248 1624 nec

163 1649 317 1724 intardus
335 1645 421 1722 Deo
436 1645 622 1744 indignus:
659 1647 748 1722 nihil
769 1649 902 1724 etenim
930 1647 1033 1721 Deus
1055 1649 1247 1746 indignum

163 1747 201 1826 se
219 1745 319 1824 fecit.
369 1743 445 1821 Etsr
466 1747 637 1824 mundum
658 1749 823 1840 honuni,
852 1769 931 1822 non
955 1747 1017 1822 srbi
1042 1749 1154 1823 fecit:
1181 1750 1247 1826 etsi

164 1869 275 1926 ornne
302 1867 394 1938 opus
418 1845 565 1922 inferius
590 1845 642 1922 est
668 1845 734 1922 suo
756 1843 913 1937 artificet
950 1845 1000 1922 Et
1029 1863 1182 1942 tarnen,
1219 1849 1246 1928 st

166 1950 271 2040 quale
291 1945 375 2040 quid
388 1944 508 2020 secisse
522 1946 707 2042 indignum
721 1945 772 2022 est
785 1945 893 2039 Deo,
910 1959 1046 2042 quanto
1061 1948 1247 2044 indignius

164 2043 252 2124 Deo
279 2043 350 2132 est,
375 2045 463 2118 nihil
487 2067 568 2120 eum
597 2045 749 2123 omnino
775 2043 918 2141 fecisse,
944 2049 1008 2122 vel
1031 2047 1246 2146 indignum,

164 2167 240 2240 quo
261 2143 378 2239 posset
391 2145 498 2221 etiam
517 2145 720 2242 digniorum
741 2159 848 2220 autor
871 2143 1035 2243 speraris
1073 2147 1131 2220 Ut
1154 2169 1246 2246 ergo

165 2245 297 2338 aliquid
314 2245 349 2317 &
363 2243 406 2318 de
425 2243 494 2322 isto
515 2245 622 2338 hujus
640 2243 764 2322 mundi
781 2245 931 2348 indigno
954 2247 1103 2340 loquar,
1132 2251 1193 2324 cui
1211 2249 1250 2322 dc

164 2347 260 2444 apud
275 2343 424 2418 Graecos
443 2345 645 2424 ornamenti
664 2345 699 2420 δι
719 2347 857 2438 crdtus,
888 2367 967 2422 non
992 2345 1152 2422 sordium
1177 2369 1249 2422 no·

162 2467 247 2524 rnen
265 2443 333 2521 est:
359 2445 518 2544 indignas
534 2443 708 2521 videlicet
722 2443 926 2523 substantiae
947 2445 1010 2540 ipsr
1031 2445 1084 2518 illi
1106 2446 1248 2542 sapien·

93 2604 96 2612 ,
164 2547 225 2621 tie
248 2543 490 2644 professores,
529 2546 574 2619 de
607 2564 761 2640 quorum
787 2545 939 2642 ingeniis
962 2547 1078 2626 omnis
1101 2541 1248 2624 hacresr'e

164 2646 362 2739 animatur,
388 2643 493 2720 Deos
509 2646 869 2744 pronunciaverunt,
894 2659 937 2718 ut
953 2643 1070 2718 Thales
1084 2669 1246 2744 aquam,

163 2759 208 2818 ut
231 2745 414 2819 Heraclitus
434 2745 576 2841 ignem,
610 2758 653 2820 ut
670 2751 886 2820 Anaximenes
911 2751 1053 2838 adrem,
1085 2760 1136 2820 ut
1153 2755 1248 2821 Aea·

163 2845 330 2918 ximretdrr
348 2843 515 2922 universa
532 2846 709 2939 coelestia,
746 2857 790 2918 ut
811 2850 928 2918 Strato
951 2847 1079 2922 coelum
1105 2845 1143 2918 dt
1170 2861 1246 2926 ter·

164 2965 264 3038 ram,
300 2958 342 3020 ut
369 2947 455 3018 Zeno
480 2951 599 3021 aerem
624 2945 877 3038 drachmam,
905 2957 948 3019 ut
976 2947 1067 3016 Piero
1089 2943 1248 3042 sydera,

163 3043 265 3140 quod
280 3065 392 3142 genus
409 3043 575 3122 Deorum
591 3046 733 3143 igneum
753 3045 918 3140 appellat.
970 3042 1061 3122 Cum
1078 3045 1124 3120 de
1144 3069 1250 3122 marn-

164 3145 237 3237 do,
262 3143 521 3222 considerando
534 3143 716 3222 scilicet&
734 3143 1034 3242 magnitudinem,
1061 3143 1194 3220 &vim
1212 3147 1250 3222 dt

163 3243 407 3340 potestatem,
432 3243 713 3342 &honorem&
732 3245 926 3336 decorem,
954 3265 1081 3338 opem,
1107 3242 1249 3342 fidem,

164 3345 282 3439 legem
301 3345 519 3440 singulorum
544 3347 828 3436 elementorum,
854 3363 931 3434 quae
956 3343 1125 3419 omnibus
1169 3347 1248 3444 gig-

165 3445 316 3538 nendis,
352 3443 508 3538 alendis,
549 3465 595 3520 co
620 3441 805 3534 ficiendis,
840 3440 1117 3535 reficiendisque
1155 3465 1250 3522 con-

166 3538 320 3633 spirant3
346 3555 388 3614 ut
414 3545 574 3638 plerique
594 3463 827 3640 shyhcorum
846 3539 1151 3638 formidaverint,
1178 3545 1250 3622 ini·

166 3641 257 3714 tium
284 3663 326 3718 ac
348 3641 456 3720 finem
477 3641 614 3718 mundo
641 3639 828 3735 constare,
853 3661 900 3720 ne
921 3639 1120 3716 substantiae
1142 3644 1249 3738 eius,

167 3747 276 3809 tanta
292 3741 447 3836 scilicet,
472 3743 588 3820 minus
608 3741 673 3818 Dii
689 3743 923 3818 haberentur:
948 3761 1041 3833 quior
1059 3742 1193 3820 colunt
1211 3745 1251 3822 or

166 3831 349 3920 Persarum
367 3847 489 3944 Magi,
515 3839 834 3946 &Aegyptiorum
852 3841 1107 4042 urentem&
1136 3843 1175 3916 dr
1188 3841 1252 3922 ln·
