<?xml version="1.0" encoding="UTF-8"?>
<!DOCTYPE html PUBLIC "-//W3C//DTD XHTML 1.0 Transitional//EN"
    "http://www.w3.org/TR/xhtml1/DTD/xhtml1-transitional.dtd">
<html xmlns="http://www.w3.org/1999/xhtml" xml:lang="en" lang="en">
 <head>
  <title>
</title>
<meta http-equiv="Content-Type" content="text/html;charset=utf-8" />
  <meta name='ocr-system' content='tesseract 3.04.00' />
  <meta name='ocr-capabilities' content='ocr_page ocr_carea ocr_par ocr_line ocrx_word'/>
</head>
<body>
  <div class='ocr_page' id='page_1' title='image "./operaomnia01tertgoog/operaomnia01tertgoog_0097.png"; bbox 0 0 2572 4332; ppageno 0'>
   <div class='ocr_carea' id='block_1_1' title="bbox 128 101 1198 234">
    <p class='ocr_par' dir='ltr' id='par_1_1' title="bbox 128 101 1198 234">
     <span class='ocr_line' id='line_1_1' title="bbox 128 101 1198 234; baseline 0.004 -30"><span class='ocrx_word' id='word_1_1' title='bbox 128 150 148 184; x_wconf 74' lang='lat' dir='ltr'><strong><em>s</em></strong></span> <span class='ocrx_word' id='word_1_2' title='bbox 230 156 249 170; x_wconf 83' lang='lat'>··</span> <span class='ocrx_word' id='word_1_3' title='bbox 296 130 377 205; x_wconf 78' lang='lat' dir='ltr'>Dn</span> <span class='ocrx_word' id='word_1_4' title='bbox 419 129 911 230; x_wconf 52' lang='lat' dir='ltr'>loot&#39;oreatrtraff.</span> <span class='ocrx_word' id='word_1_5' title='bbox 961 101 1000 207; x_wconf 46' lang='lat' dir='ltr'>‘r&#39;</span> <span class='ocrx_word' id='word_1_6' title='bbox 1085 147 1139 234; x_wconf 65' lang='grc' dir='ltr'>ς’</span> <span class='ocrx_word' id='word_1_7' title='bbox 1195 183 1198 191; x_wconf 35' lang='lat' dir='ltr'><strong>f</strong></span> 
     </span>
    </p>
   </div>
   <div class='ocr_carea' id='block_1_2' title="bbox 8 287 1278 3284">
    <p class='ocr_par' dir='ltr' id='par_1_2' title="bbox 8 287 1139 394">
     <span class='ocr_line' id='line_1_2' title="bbox 8 287 1139 394; baseline 0.002 -26"><span class='ocrx_word' id='word_1_8' title='bbox 8 287 19 338; x_wconf 76' lang='lat'>¹</span> <span class='ocrx_word' id='word_1_9' title='bbox 46 287 104 368; x_wconf 66' lang='lat' dir='ltr'>ra</span> <span class='ocrx_word' id='word_1_10' title='bbox 129 291 160 368; x_wconf 88' lang='lat' dir='ltr'>ii</span> <span class='ocrx_word' id='word_1_11' title='bbox 186 291 245 368; x_wconf 80' lang='lat' dir='ltr'>ita·</span> <span class='ocrx_word' id='word_1_12' title='bbox 261 291 454 386; x_wconf 82' lang='lat' dir='ltr'><strong>evenerit,</strong></span> <span class='ocrx_word' id='word_1_13' title='bbox 493 291 556 368; x_wconf 90' lang='lat' dir='ltr'>det</span> <span class='ocrx_word' id='word_1_14' title='bbox 582 291 752 374; x_wconf 82' lang='lat' dir='ltr'>fratribus</span> <span class='ocrx_word' id='word_1_15' title='bbox 781 290 955 390; x_wconf 87' lang='lat' dir='ltr'>operandi</span> <span class='ocrx_word' id='word_1_16' title='bbox 977 290 1139 394; x_wconf 72' lang='lat' dir='ltr'>copiam,</span> 
     </span>
    </p>

    <p class='ocr_par' dir='ltr' id='par_1_3' title="bbox 8 385 1140 486">
     <span class='ocr_line' id='line_1_3' title="bbox 8 385 1140 486; baseline 0.003 -20"><span class='ocrx_word' id='word_1_17' title='bbox 8 385 116 467; x_wconf 76' lang='lat' dir='ltr'>&#39;vel</span> <span class='ocrx_word' id='word_1_18' title='bbox 158 393 270 466; x_wconf 91' lang='lat' dir='ltr'>nobis</span> <span class='ocrx_word' id='word_1_19' title='bbox 305 389 554 486; x_wconf 82' lang='lat' dir='ltr'>abiurnpendae</span> <span class='ocrx_word' id='word_1_20' title='bbox 584 393 702 468; x_wconf 87' lang='lat' dir='ltr'>omnis</span> <span class='ocrx_word' id='word_1_21' title='bbox 734 393 945 468; x_wconf 86' lang='lat' dir='ltr'>neceffitatis</span> <span class='ocrx_word' id='word_1_22' title='bbox 976 393 1140 469; x_wconf 83' lang='lat' dir='ltr'>constan·</span> 
     </span>
    </p>

    <p class='ocr_par' dir='ltr' id='par_1_4' title="bbox 8 487 1143 590">
     <span class='ocr_line' id='line_1_4' title="bbox 8 487 1143 590; baseline 0.004 -25"><span class='ocrx_word' id='word_1_23' title='bbox 8 487 16 582; x_wconf 78' lang='lat' dir='ltr'>t</span> <span class='ocrx_word' id='word_1_24' title='bbox 50 495 170 587; x_wconf 87' lang='lat' dir='ltr'>tiam,</span> <span class='ocrx_word' id='word_1_25' title='bbox 209 513 257 566; x_wconf 92' lang='lat' dir='ltr'>ne</span> <span class='ocrx_word' id='word_1_26' title='bbox 274 493 343 565; x_wconf 84' lang='lat' dir='ltr'>illae</span> <span class='ocrx_word' id='word_1_27' title='bbox 361 493 490 566; x_wconf 81' lang='lat' dir='ltr'>litterae</span> <span class='ocrx_word' id='word_1_28' title='bbox 506 495 702 590; x_wconf 75' lang='lat' dir='ltr'>negatrices</span> <span class='ocrx_word' id='word_1_29' title='bbox 722 493 865 570; x_wconf 72' lang='lat' dir='ltr'>vitula</span> <span class='ocrx_word' id='word_1_30' title='bbox 878 497 953 568; x_wconf 81' lang='lat' dir='ltr'>oris</span> <span class='ocrx_word' id='word_1_31' title='bbox 973 493 1085 569; x_wconf 83' lang='lat' dir='ltr'>nostri</span> <span class='ocrx_word' id='word_1_32' title='bbox 1100 493 1143 570; x_wconf 88' lang='lat' dir='ltr'>itt</span> 
     </span>
    </p>

    <p class='ocr_par' dir='ltr' id='par_1_5' title="bbox 8 589 1265 694">
     <span class='ocr_line' id='line_1_5' title="bbox 8 589 1265 694; baseline 0.005 -28"><span class='ocrx_word' id='word_1_33' title='bbox 8 589 15 638; x_wconf 84' lang='lat'>¹</span> <span class='ocrx_word' id='word_1_34' title='bbox 49 591 110 666; x_wconf 90' lang='lat' dir='ltr'>die</span> <span class='ocrx_word' id='word_1_35' title='bbox 140 591 270 686; x_wconf 85' lang='lat' dir='ltr'>judicii</span> <span class='ocrx_word' id='word_1_36' title='bbox 295 589 462 666; x_wconf 86' lang='lat' dir='ltr'>adversus</span> <span class='ocrx_word' id='word_1_37' title='bbox 485 613 554 665; x_wconf 88' lang='lat' dir='ltr'>nos</span> <span class='ocrx_word' id='word_1_38' title='bbox 584 593 814 686; x_wconf 85' lang='lat' dir='ltr'>proferantur</span> <span class='ocrx_word' id='word_1_39' title='bbox 842 589 984 691; x_wconf 75' lang='lat' dir='ltr'>signatae</span> <span class='ocrx_word' id='word_1_40' title='bbox 1013 593 1138 694; x_wconf 79' lang='lat' dir='ltr'>signis,</span> <span class='ocrx_word' id='word_1_41' title='bbox 1258 654 1265 672; x_wconf 41' lang='lat' dir='ltr'>t</span> 
     </span>
    </p>

    <p class='ocr_par' dir='ltr' id='par_1_6' title="bbox 8 686 867 789">
     <span class='ocr_line' id='line_1_6' title="bbox 8 686 867 789; baseline 0 -20"><span class='ocrx_word' id='word_1_42' title='bbox 8 686 14 738; x_wconf 70' lang='lat'>²</span> <span class='ocrx_word' id='word_1_43' title='bbox 48 714 131 769; x_wconf 87' lang='lat' dir='ltr'>non</span> <span class='ocrx_word' id='word_1_44' title='bbox 149 693 226 784; x_wconf 84' lang='lat' dir='ltr'>jam</span> <span class='ocrx_word' id='word_1_45' title='bbox 246 693 531 784; x_wconf 83' lang='lat' dir='ltr'>advocatorum,</span> <span class='ocrx_word' id='word_1_46' title='bbox 565 691 624 766; x_wconf 91' lang='lat' dir='ltr'>sed</span> <span class='ocrx_word' id='word_1_47' title='bbox 646 696 867 789; x_wconf 71' lang='lat' dir='ltr'><strong>angelorum.</strong></span> 
     </span>
    </p>

    <p class='ocr_par' dir='ltr' id='par_1_7' title="bbox 8 787 1149 886">
     <span class='ocr_line' id='line_1_7' title="bbox 8 787 1149 886; baseline 0.004 -23"><span class='ocrx_word' id='word_1_48' title='bbox 8 787 13 834; x_wconf 66' lang='lat' dir='ltr'>l</span> <span class='ocrx_word' id='word_1_49' title='bbox 134 815 199 884; x_wconf 77' lang='lat'>24·</span> <span class='ocrx_word' id='word_1_50' title='bbox 225 791 325 868; x_wconf 86' lang='lat' dir='ltr'>Inter</span> <span class='ocrx_word' id='word_1_51' title='bbox 341 792 408 864; x_wconf 90' lang='lat' dir='ltr'>hos</span> <span class='ocrx_word' id='word_1_52' title='bbox 428 787 596 885; x_wconf 89' lang='lat' dir='ltr'>scopulos</span> <span class='ocrx_word' id='word_1_53' title='bbox 616 791 650 864; x_wconf 82' lang='lat' dir='ltr'>dt</span> <span class='ocrx_word' id='word_1_54' title='bbox 673 794 786 886; x_wconf 81' lang='lat' dir='ltr'>finus,</span> <span class='ocrx_word' id='word_1_55' title='bbox 820 793 916 866; x_wconf 88' lang='lat' dir='ltr'>inter</span> <span class='ocrx_word' id='word_1_56' title='bbox 940 793 1016 867; x_wconf 87' lang='lat' dir='ltr'>lraec</span> <span class='ocrx_word' id='word_1_57' title='bbox 1044 793 1149 868; x_wconf 87' lang='lat' dir='ltr'>vada·</span> 
     </span>
    </p>

    <p class='ocr_par' dir='ltr' id='par_1_8' title="bbox 8 886 1175 990">
     <span class='ocr_line' id='line_1_8' title="bbox 8 886 1175 990; baseline 0 -24"><span class='ocrx_word' id='word_1_58' title='bbox 8 889 13 938; x_wconf 84' lang='lat'>¹</span> <span class='ocrx_word' id='word_1_59' title='bbox 50 891 203 966; x_wconf 79' lang='lat' dir='ltr'>&amp;freta</span> <span class='ocrx_word' id='word_1_60' title='bbox 219 891 434 965; x_wconf 77' lang='lat' dir='ltr'>idololatriae</span> <span class='ocrx_word' id='word_1_61' title='bbox 452 886 633 964; x_wconf 86' lang='lat' dir='ltr'>velificata</span> <span class='ocrx_word' id='word_1_62' title='bbox 646 891 770 983; x_wconf 89' lang='lat' dir='ltr'>spiritu</span> <span class='ocrx_word' id='word_1_63' title='bbox 783 891 856 966; x_wconf 88' lang='lat' dir='ltr'>Dei</span> <span class='ocrx_word' id='word_1_64' title='bbox 873 889 961 973; x_wconf 81' lang='lat' dir='ltr'>fides</span> <span class='ocrx_word' id='word_1_65' title='bbox 976 894 1139 990; x_wconf 76' lang='lat' dir='ltr'>navigat,</span> <span class='ocrx_word' id='word_1_66' title='bbox 1172 919 1175 924; x_wconf 93' lang='lat'>·</span> 
     </span>
    </p>

    <p class='ocr_par' dir='ltr' id='par_1_9' title="bbox 8 988 1140 1085">
     <span class='ocr_line' id='line_1_9' title="bbox 8 988 1140 1085; baseline 0.002 -21"><span class='ocrx_word' id='word_1_67' title='bbox 8 988 11 1038; x_wconf 68' lang='lat' dir='ltr'>l</span> <span class='ocrx_word' id='word_1_68' title='bbox 49 988 534 1085; x_wconf 65' lang='lat' dir='ltr'>tutaficauta5seo1rafi</span> <span class='ocrx_word' id='word_1_69' title='bbox 564 995 730 1068; x_wconf 87' lang='lat' dir='ltr'>attonita.</span> <span class='ocrx_word' id='word_1_70' title='bbox 783 989 954 1066; x_wconf 84' lang='lat' dir='ltr'>Ceterum</span> <span class='ocrx_word' id='word_1_71' title='bbox 982 989 1140 1066; x_wconf 74' lang='lat' dir='ltr'>inenat&#39;t-</span> 
     </span>
    </p>

    <p class='ocr_par' dir='ltr' id='par_1_10' title="bbox 8 1089 1139 1186">
     <span class='ocr_line' id='line_1_10' title="bbox 8 1089 1139 1186; baseline 0.002 -22"><span class='ocrx_word' id='word_1_72' title='bbox 8 1090 13 1136; x_wconf 83' lang='lat'><em>¹</em></span> <span class='ocrx_word' id='word_1_73' title='bbox 52 1091 130 1164; x_wconf 91' lang='lat' dir='ltr'>bile</span> <span class='ocrx_word' id='word_1_74' title='bbox 167 1091 317 1168; x_wconf 81' lang='lat' dir='ltr'>excttffis</span> <span class='ocrx_word' id='word_1_75' title='bbox 349 1089 567 1184; x_wconf 86' lang='lat' dir='ltr'>profundum</span> <span class='ocrx_word' id='word_1_76' title='bbox 602 1091 677 1184; x_wconf 82' lang='lat' dir='ltr'>est,</span> <span class='ocrx_word' id='word_1_77' title='bbox 703 1093 952 1169; x_wconf 82' lang='lat' dir='ltr'><strong>inextricabile</strong></span> <span class='ocrx_word' id='word_1_78' title='bbox 981 1091 1139 1186; x_wconf 74' lang='lat' dir='ltr'>impastis</span> 
     </span>
    </p>

    <p class='ocr_par' dir='ltr' id='par_1_11' title="bbox 8 1187 1140 1288">
     <span class='ocr_line' id='line_1_11' title="bbox 8 1187 1140 1288; baseline 0.004 -24"><span class='ocrx_word' id='word_1_79' title='bbox 8 1187 11 1278; x_wconf 72' lang='grc' dir='ltr'><strong>Ῑ</strong></span> <span class='ocrx_word' id='word_1_80' title='bbox 51 1189 288 1288; x_wconf 76' lang='lat' dir='ltr'>naufragium</span> <span class='ocrx_word' id='word_1_81' title='bbox 307 1187 371 1284; x_wconf 84' lang='lat' dir='ltr'>est,</span> <span class='ocrx_word' id='word_1_82' title='bbox 397 1187 632 1284; x_wconf 76' lang='lat' dir='ltr'>irrespirabile</span> <span class='ocrx_word' id='word_1_83' title='bbox 651 1191 837 1265; x_wconf 87' lang='lat' dir='ltr'>devoratis</span> <span class='ocrx_word' id='word_1_84' title='bbox 848 1190 1140 1286; x_wconf 83' lang='lat' dir='ltr'>hypobrychium</span> 
     </span>
    </p>

    <p class='ocr_par' dir='ltr' id='par_1_12' title="bbox 8 1289 1138 1386">
     <span class='ocr_line' id='line_1_12' title="bbox 8 1289 1138 1386; baseline 0 -21"><span class='ocrx_word' id='word_1_85' title='bbox 8 1289 11 1336; x_wconf 69' lang='lat' dir='ltr'>l</span> <span class='ocrx_word' id='word_1_86' title='bbox 52 1291 92 1365; x_wconf 89' lang='lat' dir='ltr'>in</span> <span class='ocrx_word' id='word_1_87' title='bbox 108 1290 341 1364; x_wconf 82' lang='lat' dir='ltr'>idololatria:</span> <span class='ocrx_word' id='word_1_88' title='bbox 363 1290 567 1382; x_wconf 73' lang='lat' dir='ltr'>quicunque</span> <span class='ocrx_word' id='word_1_89' title='bbox 582 1291 708 1364; x_wconf 77' lang='lat' dir='ltr'>liutbrs</span> <span class='ocrx_word' id='word_1_90' title='bbox 727 1291 1001 1386; x_wconf 76' lang='lat' dir='ltr'>ejusoffocantt</span> <span class='ocrx_word' id='word_1_91' title='bbox 1020 1293 1138 1366; x_wconf 88' lang='lat' dir='ltr'>ornnis</span> 
     </span>
    </p>

    <p class='ocr_par' dir='ltr' id='par_1_13' title="bbox 8 1381 1139 1486">
     <span class='ocr_line' id='line_1_13' title="bbox 8 1381 1139 1486; baseline 0.003 -24"><span class='ocrx_word' id='word_1_92' title='bbox 8 1413 9 1418; x_wconf 44' lang='lat'>¹</span> <span class='ocrx_word' id='word_1_93' title='bbox 52 1403 197 1464; x_wconf 81' lang='lat' dir='ltr'>vertex</span> <span class='ocrx_word' id='word_1_94' title='bbox 222 1391 296 1484; x_wconf 73' lang='lat' dir='ltr'>eius</span> <span class='ocrx_word' id='word_1_95' title='bbox 317 1389 363 1464; x_wconf 82' lang='lat' dir='ltr'>ad</span> <span class='ocrx_word' id='word_1_96' title='bbox 378 1389 515 1464; x_wconf 82' lang='lat' dir='ltr'>inferos</span> <span class='ocrx_word' id='word_1_97' title='bbox 541 1389 719 1466; x_wconf 88' lang='lat' dir='ltr'>desorbet.</span> <span class='ocrx_word' id='word_1_98' title='bbox 770 1381 893 1464; x_wconf 87' lang='lat' dir='ltr'>Nemo</span> <span class='ocrx_word' id='word_1_99' title='bbox 918 1392 1039 1486; x_wconf 79' lang='lat' dir='ltr'>dicat‚&#39;</span> <span class='ocrx_word' id='word_1_100' title='bbox 1061 1391 1139 1483; x_wconf 87' lang='lat' dir='ltr'>quis</span> 
     </span>
    </p>

    <p class='ocr_par' dir='ltr' id='par_1_14' title="bbox 8 1487 1138 1583">
     <span class='ocr_line' id='line_1_14' title="bbox 8 1487 1138 1583; baseline 0.004 -21"><span class='ocrx_word' id='word_1_101' title='bbox 8 1515 11 1536; x_wconf 61' lang='lat'><strong><em>³</em></strong></span> <span class='ocrx_word' id='word_1_102' title='bbox 56 1502 135 1564; x_wconf 87' lang='lat' dir='ltr'>tam</span> <span class='ocrx_word' id='word_1_103' title='bbox 177 1502 264 1564; x_wconf 89' lang='lat' dir='ltr'>tuto</span> <span class='ocrx_word' id='word_1_104' title='bbox 300 1487 550 1583; x_wconf 73' lang='lat' dir='ltr'>praecavebit?</span> <span class='ocrx_word' id='word_1_105' title='bbox 591 1489 795 1577; x_wconf 81' lang='lat' dir='ltr'>exeundum</span> <span class='ocrx_word' id='word_1_106' title='bbox 827 1491 873 1566; x_wconf 88' lang='lat' dir='ltr'>de</span> <span class='ocrx_word' id='word_1_107' title='bbox 899 1489 1026 1565; x_wconf 83' lang='lat' dir='ltr'>seculo</span> <span class='ocrx_word' id='word_1_108' title='bbox 1057 1492 1138 1569; x_wconf 86' lang='lat' dir='ltr'>erit.</span> 
     </span>
    </p>

    <p class='ocr_par' dir='ltr' id='par_1_15' title="bbox 8 1589 1137 1691">
     <span class='ocr_line' id='line_1_15' title="bbox 8 1589 1137 1691; baseline 0.004 -29"><span class='ocrx_word' id='word_1_109' title='bbox 8 1589 9 1636; x_wconf 69' lang='lat'><em>³</em></span> <span class='ocrx_word' id='word_1_110' title='bbox 56 1589 156 1682; x_wconf 80' lang='lat' dir='ltr'>quali</span> <span class='ocrx_word' id='word_1_111' title='bbox 175 1611 253 1664; x_wconf 86' lang='lat' dir='ltr'>non</span> <span class='ocrx_word' id='word_1_112' title='bbox 271 1589 418 1666; x_wconf 77' lang='lat' dir='ltr'>tantist</span> <span class='ocrx_word' id='word_1_113' title='bbox 434 1591 554 1683; x_wconf 78' lang='lat' dir='ltr'>exire,</span> <span class='ocrx_word' id='word_1_114' title='bbox 581 1610 686 1681; x_wconf 88' lang='lat' dir='ltr'>quarn</span> <span class='ocrx_word' id='word_1_115' title='bbox 708 1589 927 1691; x_wconf 82' lang='lat' dir='ltr'>idololatren</span> <span class='ocrx_word' id='word_1_116' title='bbox 955 1593 992 1664; x_wconf 92' lang='lat' dir='ltr'>in</span> <span class='ocrx_word' id='word_1_117' title='bbox 1013 1590 1137 1666; x_wconf 87' lang='lat' dir='ltr'>secolo</span> 
     </span>
    </p>

    <p class='ocr_par' dir='ltr' id='par_1_16' title="bbox 8 1685 1139 1986">
     <span class='ocr_line' id='line_1_16' title="bbox 8 1685 1137 1787; baseline 0.004 -25"><span class='ocrx_word' id='word_1_118' title='bbox 8 1685 11 1738; x_wconf 73' lang='lat' dir='ltr'>l</span> <span class='ocrx_word' id='word_1_119' title='bbox 54 1685 164 1764; x_wconf 82' lang='lat' dir='ltr'>stare.</span> <span class='ocrx_word' id='word_1_120' title='bbox 193 1689 292 1764; x_wconf 87' lang='lat' dir='ltr'>Nihil</span> <span class='ocrx_word' id='word_1_121' title='bbox 313 1685 384 1762; x_wconf 84' lang='lat' dir='ltr'>else</span> <span class='ocrx_word' id='word_1_122' title='bbox 398 1688 535 1764; x_wconf 83' lang='lat' dir='ltr'>facilius</span> <span class='ocrx_word' id='word_1_123' title='bbox 547 1687 691 1784; x_wconf 85' lang='lat' dir='ltr'>potest,</span> <span class='ocrx_word' id='word_1_124' title='bbox 718 1711 824 1782; x_wconf 85' lang='lat' dir='ltr'>quam</span> <span class='ocrx_word' id='word_1_125' title='bbox 844 1689 1137 1787; x_wconf 72' lang='lat' dir='ltr'>tautioidoiola·</span> 
     </span>
     <span class='ocr_line' id='line_1_17' title="bbox 53 1789 1137 1890; baseline 0.005 -28"><span class='ocrx_word' id='word_1_126' title='bbox 53 1789 160 1884; x_wconf 79' lang='lat' dir='ltr'>tria,</span> <span class='ocrx_word' id='word_1_127' title='bbox 193 1789 341 1865; x_wconf 89' lang='lat' dir='ltr'>litirnor</span> <span class='ocrx_word' id='word_1_128' title='bbox 357 1789 432 1882; x_wconf 80' lang='lat' dir='ltr'>eJ‘us</span> <span class='ocrx_word' id='word_1_129' title='bbox 446 1789 483 1863; x_wconf 92' lang='lat' dir='ltr'>in</span> <span class='ocrx_word' id='word_1_130' title='bbox 500 1789 617 1882; x_wconf 89' lang='lat' dir='ltr'>capite</span> <span class='ocrx_word' id='word_1_131' title='bbox 634 1789 688 1865; x_wconf 87' lang='lat' dir='ltr'>srt.</span> <span class='ocrx_word' id='word_1_132' title='bbox 716 1809 938 1883; x_wconf 81' lang='lat' dir='ltr'>quaecunque</span> <span class='ocrx_word' id='word_1_133' title='bbox 955 1791 1137 1890; x_wconf 48' lang='lat' dir='ltr'>necessita</span> 
     </span>
     <span class='ocr_line' id='line_1_18' title="bbox 56 1885 1139 1986; baseline 0.002 -24"><span class='ocrx_word' id='word_1_134' title='bbox 56 1885 189 1962; x_wconf 68' lang='lat' dir='ltr'>rrrr&#39;rror¹</span> <span class='ocrx_word' id='word_1_135' title='bbox 199 1887 249 1963; x_wconf 88' lang='lat' dir='ltr'>est</span> <span class='ocrx_word' id='word_1_136' title='bbox 261 1890 444 1983; x_wconf 85' lang='lat' dir='ltr'>periculo,</span> <span class='ocrx_word' id='word_1_137' title='bbox 471 1901 575 1966; x_wconf 86' lang='lat' dir='ltr'>tanto</span> <span class='ocrx_word' id='word_1_138' title='bbox 593 1903 827 1985; x_wconf 60' lang='lat' dir='ltr'>comparata.»</span> <span class='ocrx_word' id='word_1_139' title='bbox 851 1887 1050 1984; x_wconf 85' lang='lat' dir='ltr'>Propterea</span> <span class='ocrx_word' id='word_1_140' title='bbox 1062 1889 1139 1986; x_wconf 89' lang='lat' dir='ltr'>Spi-</span> 
     </span>
    </p>

    <p class='ocr_par' dir='ltr' id='par_1_17' title="bbox 8 1983 1140 2084">
     <span class='ocr_line' id='line_1_19' title="bbox 8 1983 1140 2084; baseline 0.01 -27"><span class='ocrx_word' id='word_1_141' title='bbox 8 2015 9 2022; x_wconf 16' lang='grc' dir='ltr'><strong><em>Ν</em></strong></span> <span class='ocrx_word' id='word_1_142' title='bbox 40 1987 153 2060; x_wconf 79' lang='lat' dir='ltr'>ritus</span> <span class='ocrx_word' id='word_1_143' title='bbox 169 1987 316 2063; x_wconf 75' lang='lat' dir='ltr'>sandius</span> <span class='ocrx_word' id='word_1_144' title='bbox 334 1983 616 2065; x_wconf 78' lang='lat' dir='ltr'>consultantibus</span> <span class='ocrx_word' id='word_1_145' title='bbox 635 1997 723 2063; x_wconf 84' lang='lat' dir='ltr'>tun&#39;c</span> <span class='ocrx_word' id='word_1_146' title='bbox 745 1987 934 2084; x_wconf 87' lang='lat' dir='ltr'>Apostolis</span> <span class='ocrx_word' id='word_1_147' title='bbox 952 1992 1140 2068; x_wconf 79' lang='lat' dir='ltr'>vitrearium</span> 
     </span>
    </p>

    <p class='ocr_par' dir='ltr' id='par_1_18' title="bbox 8 2085 1278 2392">
     <span class='ocr_line' id='line_1_20' title="bbox 8 2085 1278 2184; baseline 0.008 -22"><span class='ocrx_word' id='word_1_148' title='bbox 8 2089 9 2100; x_wconf 71' lang='lat'><em>&#39;</em></span> <span class='ocrx_word' id='word_1_149' title='bbox 59 2085 96 2162; x_wconf 82' lang='lat' dir='ltr'>dt</span> <span class='ocrx_word' id='word_1_150' title='bbox 109 2088 241 2184; x_wconf 76' lang='lat' dir='ltr'>iugum</span> <span class='ocrx_word' id='word_1_151' title='bbox 263 2090 368 2162; x_wconf 87' lang='lat' dir='ltr'>nobis</span> <span class='ocrx_word' id='word_1_152' title='bbox 394 2089 573 2176; x_wconf 83' lang='lat' dir='ltr'>relaxayit</span> <span class='ocrx_word' id='word_1_153' title='bbox 589 2103 686 2184; x_wconf 84' lang='lat' dir='ltr'>,ut</span> <span class='ocrx_word' id='word_1_154' title='bbox 700 2088 915 2165; x_wconf 81' lang='lat' dir='ltr'>idololatria</span> <span class='ocrx_word' id='word_1_155' title='bbox 937 2089 1139 2168; x_wconf 70' lang='lat' dir='ltr'>devitatae</span> <span class='ocrx_word' id='word_1_156' title='bbox 1276 2165 1278 2172; x_wconf 81' lang='grc'>,</span> 
     </span>
     <span class='ocr_line' id='line_1_21' title="bbox 58 2184 1189 2286; baseline 0.008 -29"><span class='ocrx_word' id='word_1_157' title='bbox 58 2203 286 2264; x_wconf 80' lang='lat' dir='ltr'>vacaremus.</span> <span class='ocrx_word' id='word_1_158' title='bbox 338 2187 426 2262; x_wconf 86' lang='lat' dir='ltr'>llaec</span> <span class='ocrx_word' id='word_1_159' title='bbox 442 2189 510 2262; x_wconf 91' lang='lat' dir='ltr'>erit</span> <span class='ocrx_word' id='word_1_160' title='bbox 524 2191 583 2263; x_wconf 84' lang='lat' dir='ltr'>lex</span> <span class='ocrx_word' id='word_1_161' title='bbox 607 2184 730 2265; x_wconf 81' lang='lat' dir='ltr'>nollra</span> <span class='ocrx_word' id='word_1_162' title='bbox 754 2209 828 2282; x_wconf 88' lang='lat' dir='ltr'>quo</span> <span class='ocrx_word' id='word_1_163' title='bbox 849 2191 1038 2286; x_wconf 72' lang='lat' dir='ltr'>expedita,</span> <span class='ocrx_word' id='word_1_164' title='bbox 1063 2189 1138 2266; x_wconf 87' lang='lat' dir='ltr'>hoc</span> <span class='ocrx_word' id='word_1_165' title='bbox 1186 2221 1189 2227; x_wconf 93' lang='lat'>·</span> 
     </span>
     <span class='ocr_line' id='line_1_22' title="bbox 57 2287 1278 2392; baseline 0.007 -34"><span class='ocrx_word' id='word_1_166' title='bbox 57 2287 202 2388; x_wconf 87' lang='lat' dir='ltr'>plenius</span> <span class='ocrx_word' id='word_1_167' title='bbox 228 2287 521 2383; x_wconf 83' lang='lat' dir='ltr'>administranda,</span> <span class='ocrx_word' id='word_1_168' title='bbox 553 2291 700 2382; x_wconf 88' lang='lat' dir='ltr'>propria</span> <span class='ocrx_word' id='word_1_169' title='bbox 726 2287 1036 2383; x_wconf 83' lang='lat' dir='ltr'>Christianorum,</span> <span class='ocrx_word' id='word_1_170' title='bbox 1072 2309 1164 2384; x_wconf 81' lang='lat' dir='ltr'>per-</span> <span class='ocrx_word' id='word_1_171' title='bbox 1274 2379 1278 2392; x_wconf 32' lang='grc' dir='ltr'>Ι</span> 
     </span>
    </p>

    <p class='ocr_par' dir='ltr' id='par_1_19' title="bbox 10 2387 1248 3284">
     <span class='ocr_line' id='line_1_23' title="bbox 10 2387 1138 2484; baseline 0.005 -26"><span class='ocrx_word' id='word_1_172' title='bbox 10 2391 18 2406; x_wconf 83' lang='grc'><em>“</em></span> <span class='ocrx_word' id='word_1_173' title='bbox 60 2407 167 2482; x_wconf 84' lang='lat' dir='ltr'>quarn</span> <span class='ocrx_word' id='word_1_174' title='bbox 183 2389 230 2462; x_wconf 93' lang='lat' dir='ltr'>ab</span> <span class='ocrx_word' id='word_1_175' title='bbox 252 2388 402 2462; x_wconf 87' lang='lat' dir='ltr'>ethnicis</span> <span class='ocrx_word' id='word_1_176' title='bbox 423 2387 645 2484; x_wconf 82' lang='lat' dir='ltr'>agnoscimur</span> <span class='ocrx_word' id='word_1_177' title='bbox 661 2388 965 2464; x_wconf 77' lang='lat' dir='ltr'>&amp;exarninorourz</span> <span class='ocrx_word' id='word_1_178' title='bbox 992 2390 1138 2464; x_wconf 76' lang='lat' dir='ltr'>hacet-</span> 
     </span>
     <span class='ocr_line' id='line_1_24' title="bbox 61 2485 1139 2586; baseline 0.005 -27"><span class='ocrx_word' id='word_1_179' title='bbox 61 2486 277 2562; x_wconf 80' lang='lat' dir='ltr'>cedentibus</span> <span class='ocrx_word' id='word_1_180' title='bbox 311 2489 354 2562; x_wconf 93' lang='lat' dir='ltr'>ad</span> <span class='ocrx_word' id='word_1_181' title='bbox 374 2485 482 2564; x_wconf 85' lang='lat' dir='ltr'>fidem</span> <span class='ocrx_word' id='word_1_182' title='bbox 506 2488 770 2582; x_wconf 86' lang='lat' dir='ltr'>proponenda,</span> <span class='ocrx_word' id='word_1_183' title='bbox 797 2487 832 2561; x_wconf 87' lang='lat' dir='ltr'>dt</span> <span class='ocrx_word' id='word_1_184' title='bbox 856 2488 1139 2586; x_wconf 68' lang='lat' dir='ltr'>ingredientibus</span> 
     </span>
     <span class='ocr_line' id='line_1_25' title="bbox 60 2583 1138 2681; baseline 0.007 -25"><span class='ocrx_word' id='word_1_185' title='bbox 60 2585 99 2657; x_wconf 92' lang='lat' dir='ltr'>in</span> <span class='ocrx_word' id='word_1_186' title='bbox 118 2583 231 2662; x_wconf 85' lang='lat' dir='ltr'>fidern</span> <span class='ocrx_word' id='word_1_187' title='bbox 252 2587 463 2664; x_wconf 84' lang='lat' dir='ltr'>inculcanda</span> <span class='ocrx_word' id='word_1_188' title='bbox 487 2587 563 2681; x_wconf 74' lang='lat' dir='ltr'>est,</span> <span class='ocrx_word' id='word_1_189' title='bbox 605 2600 652 2660; x_wconf 86' lang='lat' dir='ltr'>ut</span> <span class='ocrx_word' id='word_1_190' title='bbox 673 2586 886 2662; x_wconf 84' lang='lat' dir='ltr'>accedentes</span> <span class='ocrx_word' id='word_1_191' title='bbox 920 2585 1138 2679; x_wconf 78' lang='lat' dir='ltr'>deliberent,</span> 
     </span>
     <span class='ocr_line' id='line_1_26' title="bbox 62 2683 1140 2783; baseline 0.006 -25"><span class='ocrx_word' id='word_1_192' title='bbox 62 2683 300 2764; x_wconf 83' lang='lat' dir='ltr'>observantes</span> <span class='ocrx_word' id='word_1_193' title='bbox 313 2685 563 2783; x_wconf 79' lang='lat' dir='ltr'>perseverent,</span> <span class='ocrx_word' id='word_1_194' title='bbox 589 2707 666 2763; x_wconf 89' lang='lat' dir='ltr'>non</span> <span class='ocrx_word' id='word_1_195' title='bbox 683 2685 915 2768; x_wconf 71' lang='lat' dir='ltr'>observantes</span> <span class='ocrx_word' id='word_1_196' title='bbox 930 2690 1140 2766; x_wconf 88' lang='lat' dir='ltr'>renuntient</span> 
     </span>
     <span class='ocr_line' id='line_1_27' title="bbox 52 2781 1137 2884; baseline 0.008 -27"><span class='ocrx_word' id='word_1_197' title='bbox 52 2781 135 2860; x_wconf 70' lang='lat' dir='ltr'>sbi.</span> <span class='ocrx_word' id='word_1_198' title='bbox 188 2787 504 2866; x_wconf 82' lang='lat' dir='ltr'>Viderirnuseninr</span> <span class='ocrx_word' id='word_1_199' title='bbox 520 2784 750 2862; x_wconf 81' lang='lat' dir='ltr'>liseotodum</span> <span class='ocrx_word' id='word_1_200' title='bbox 761 2805 851 2862; x_wconf 78' lang='lat' dir='ltr'>arcas</span> <span class='ocrx_word' id='word_1_201' title='bbox 865 2788 1043 2884; x_wconf 79' lang='lat' dir='ltr'>typum&amp;</span> <span class='ocrx_word' id='word_1_202' title='bbox 1057 2809 1137 2866; x_wconf 87' lang='lat' dir='ltr'>eor·</span> 
     </span>
     <span class='ocr_line' id='line_1_28' title="bbox 64 2881 1248 2984; baseline 0.004 -27"><span class='ocrx_word' id='word_1_203' title='bbox 64 2901 132 2957; x_wconf 80' lang='lat' dir='ltr'>vua</span> <span class='ocrx_word' id='word_1_204' title='bbox 154 2885 191 2962; x_wconf 86' lang='lat' dir='ltr'>dt</span> <span class='ocrx_word' id='word_1_205' title='bbox 211 2885 390 2963; x_wconf 85' lang='lat' dir='ltr'>milvus&amp;</span> <span class='ocrx_word' id='word_1_206' title='bbox 407 2889 512 2982; x_wconf 88' lang='lat' dir='ltr'>lupus</span> <span class='ocrx_word' id='word_1_207' title='bbox 528 2887 563 2961; x_wconf 82' lang='lat' dir='ltr'>dr</span> <span class='ocrx_word' id='word_1_208' title='bbox 581 2889 679 2960; x_wconf 85' lang='lat' dir='ltr'>canis</span> <span class='ocrx_word' id='word_1_209' title='bbox 699 2886 733 2960; x_wconf 81' lang='lat' dir='ltr'>dt</span> <span class='ocrx_word' id='word_1_210' title='bbox 756 2881 958 2984; x_wconf 85' lang='lat' dir='ltr'>serpensin</span> <span class='ocrx_word' id='word_1_211' title='bbox 978 2887 1139 2964; x_wconf 85' lang='lat' dir='ltr'>Ecclesia</span> <span class='ocrx_word' id='word_1_212' title='bbox 1242 2923 1248 2942; x_wconf 70' lang='lat'>=</span> 
     </span>
     <span class='ocr_line' id='line_1_29' title="bbox 66 2983 1135 3082; baseline 0.009 -28"><span class='ocrx_word' id='word_1_213' title='bbox 66 2983 158 3078; x_wconf 87' lang='lat' dir='ltr'>erit,</span> <span class='ocrx_word' id='word_1_214' title='bbox 202 3001 303 3062; x_wconf 91' lang='lat' dir='ltr'>certe</span> <span class='ocrx_word' id='word_1_215' title='bbox 327 2989 538 3062; x_wconf 87' lang='lat' dir='ltr'>idololatres</span> <span class='ocrx_word' id='word_1_216' title='bbox 563 2987 602 3062; x_wconf 92' lang='lat' dir='ltr'>in</span> <span class='ocrx_word' id='word_1_217' title='bbox 628 3007 719 3066; x_wconf 82' lang='lat' dir='ltr'>arcae</span> <span class='ocrx_word' id='word_1_218' title='bbox 743 3001 837 3082; x_wconf 80' lang='lat' dir='ltr'>typo</span> <span class='ocrx_word' id='word_1_219' title='bbox 862 3009 940 3064; x_wconf 88' lang='lat' dir='ltr'>non</span> <span class='ocrx_word' id='word_1_220' title='bbox 972 2988 1135 3064; x_wconf 82' lang='lat' dir='ltr'>habetur.</span> 
     </span>
     <span class='ocr_line' id='line_1_30' title="bbox 63 3077 1138 3183; baseline 0.009 -26"><span class='ocrx_word' id='word_1_221' title='bbox 63 3077 216 3161; x_wconf 82' lang='lat' dir='ltr'>Nullum</span> <span class='ocrx_word' id='word_1_222' title='bbox 240 3087 367 3160; x_wconf 83' lang='lat' dir='ltr'>anirnal</span> <span class='ocrx_word' id='word_1_223' title='bbox 380 3085 425 3159; x_wconf 80' lang='lat' dir='ltr'>&#39;in</span> <span class='ocrx_word' id='word_1_224' title='bbox 439 3087 658 3162; x_wconf 80' lang='lat' dir='ltr'>idololatren</span> <span class='ocrx_word' id='word_1_225' title='bbox 674 3083 865 3183; x_wconf 70' lang='lat' dir='ltr'>figurabam</span> <span class='ocrx_word' id='word_1_226' title='bbox 888 3085 958 3165; x_wconf 79' lang='lat' dir='ltr'>esta</span> <span class='ocrx_word' id='word_1_227' title='bbox 982 3087 1082 3183; x_wconf 85' lang='lat' dir='ltr'>quod</span> <span class='ocrx_word' id='word_1_228' title='bbox 1099 3090 1138 3166; x_wconf 84' lang='lat' dir='ltr'>in</span> 
     </span>
     <span class='ocr_line' id='line_1_31' title="bbox 64 3179 763 3284; baseline 0.011 -30"><span class='ocrx_word' id='word_1_229' title='bbox 64 3179 163 3261; x_wconf 76' lang='lat' dir='ltr'>Arca</span> <span class='ocrx_word' id='word_1_230' title='bbox 180 3187 368 3284; x_wconf 77' lang='lat' dir='ltr'>nonfuit,</span> <span class='ocrx_word' id='word_1_231' title='bbox 391 3185 430 3262; x_wconf 88' lang='lat' dir='ltr'>in</span> <span class='ocrx_word' id='word_1_232' title='bbox 443 3185 604 3262; x_wconf 82' lang='lat' dir='ltr'>Ecclessa</span> <span class='ocrx_word' id='word_1_233' title='bbox 619 3205 696 3262; x_wconf 85' lang='lat' dir='ltr'>non</span> <span class='ocrx_word' id='word_1_234' title='bbox 710 3185 763 3262; x_wconf 79' lang='lat' dir='ltr'>fit</span> 
     </span>
    </p>
   </div>
   <div class='ocr_carea' id='block_1_3' title="bbox 0 0 1294 4332">
    <p class='ocr_par' dir='ltr' id='par_1_20' title="bbox 0 0 1294 4332">
     <span class='ocr_line' id='line_1_32' title="bbox 0 0 1294 4332; baseline 0 0"><span class='ocrx_word' id='word_1_235' title='bbox 0 0 1294 4332; x_wconf 95' lang='lat' dir='ltr'> </span> 
     </span>
    </p>
   </div>
  </div>
 </body>
</html>
