2616 4336
34 272 37 279 ,
137 183 227 268 166·
272 129 292 140 μ
320 190 368 292 Q.
393 163 680 265 §ernstiana
705 184 1038 265 Tratorium

137 373 212 432 mas
233 351 272 426 in
287 351 444 446 corpora
457 349 644 426 redituras.
696 348 867 424 Attamen
882 344 1019 444 quanto
1040 354 1208 443 accepta-

138 453 248 530 bilior
262 451 384 526 nostra
404 447 630 548 praesumptio
650 451 722 544 est,
748 471 825 543 quae
841 451 879 524 in
902 449 1025 523 eadem
1045 469 1209 542 corpora

106 627 110 641 ,
137 549 311 630 redituras
328 549 515 626 defendit?
540 551 649 624 vobis
665 566 783 643 autem
801 562 936 644 quanto
949 549 1076 624 uanius
1095 550 1207 624 tradi-

59 731 61 738 ,
138 651 299 748 tumest,
325 651 478 724 hominis
493 649 652 748 spiritum
667 652 704 728 in
720 673 827 746 cane,
853 651 1045 744 velmulo,
1074 663 1207 743 autpa-

83 831 87 840 ,
137 771 241 826 vone
254 749 477 824 rediturum?
507 753 613 844 item,
636 751 808 844 judicium
820 750 1066 844 annuntiamus
1083 747 1208 822 aDeo

5 903 6 952 ,
138 863 209 952 pto
235 849 402 944 cujusque
423 841 558 924 meritis
584 850 666 945 post
686 852 872 924 interitum
893 847 1121 925 destinatum
1162 848 1209 922 ld

5 955 6 1028 3
130 971 211 1026 ‘vos
234 949 351 1029 Minoi
370 948 405 1023 δι
425 949 672 1024 Radamantho
696 949 916 1042 adscribitis,
946 947 1095 1042 justiore
1113 949 1209 1023 inte-

23 1071 27 1084 *
136 1052 206 1126 rim
237 1043 390 1123 Aristide
415 1047 590 1124 recusato.
642 1049 699 1122 Eo
728 1051 869 1145 judicio
891 1051 1033 1144 iniquos
1067 1045 1209 1124 aeterno

138 1151 240 1248 igni,
265 1150 347 1244 pios
367 1148 574 1223 &insontes
594 1147 733 1222 amoen‘o
753 1149 788 1224 in
802 1151 895 1223 ioco
917 1149 1064 1224 dicimus
1079 1169 1209 1244 perpe·

111 1251 305 1325 'mitatem
322 1247 570 1326 transatiuros.
623 1247 731 1342 Apud
754 1271 824 1322 vos
840 1309 846 1322 .
941 1263 1085 1342 quoque
1108 1247 1210 1342 Puri·
1255 1320 1260 1330 ,

165 1349 408 1448 hlegethontis
434 1347 469 1422 du
491 1349 600 1441 Elysii
616 1369 693 1422 non
720 1351 786 1422 alia
807 1349 970 1424 conditio
996 1347 1209 1442 disponitur.

137 1373 223 1527 ileo
242 1447 400 1542 Mythici
417 1467 458 1522 ac
470 1447 612 1522 Poetici
627 1449 694 1522 soli
712 1450 796 1522 talia
815 1463 975 1540 canunt,
1002 1447 1062 1522 sed
1079 1449 1114 1521 u
1126 1447 1210 1520 Phi-

137 1545 282 1643 losophi
309 1545 353 1621 de
379 1548 579 1622 animorum
602 1549 921 1644 reciprocatione,
958 1547 1135 1642 &judicii
1156 1547 1209 1619 di·

102 1737 103 1741 ,
138 1642 353 1724 stributione
375 1645 600 1723 confirmant.
653 1651 836 1750 Quoniam
854 1650 963 1744 igitur
977 1647 1115 1741 usque,
1141 1647 1210 1719 ini·

140 1747 302 1840 quiffimae
316 1747 515 1842 Nationes,
541 1771 618 1822 non
630 1747 840 1846 agnoscitis,
870 1751 979 1823 immo
995 1746 1211 1842 insuperex-

138 1843 323 1922 sectamini
336 1847 500 1940 vestros,
527 1849 657 1924 finihil
677 1850 771 1922 inter
786 1871 855 1920 vos
870 1848 1052 1921 diverfitas
1076 1849 1210 1940 habet,

137 1945 337 2021 salanum&
357 1947 471 2020 eidem
482 1945 607 2022 sumus.
661 1951 756 2049 Quia
766 1969 841 2021 non
860 1947 981 2020 odistis
997 1947 1095 2040 quod
1112 1946 1210 2040 estis,

139 2043 224 2119 date
240 2046 382 2119 dextras
398 2049 542 2140 potius,
559 2049 777 2145 compingite
798 2051 941 2142 oscula,
952 2045 1097 2120 miscete
1110 2067 1210 2119 corn·

139 2143 282 2261 plexus,
297 2149 435 2218 cruenti
453 2167 531 2220 cum
549 2147 720 2240 cruentis,
729 2149 851 2220 incesti
861 2167 940 2221 cum
948 2147 1103 2240 incestis,
1120 2157 1210 2219 con-

92 2294 100 2308 .
134 2245 246 2340 jurati
259 2265 339 2319 cum
356 2248 566 2340 conjuratis,
584 2246 891 2322 obstinatidtuani
906 2267 987 2320 cum
1002 2247 1209 2340 equalibus.

6 2435 7 2438 Ἴ
104 2341 110 2351 ’
139 2343 278 2420 Pariter
297 2345 447 2420 deorum
465 2350 609 2422 omnino
625 2348 800 2441 laesrmus,
833 2347 968 2442 pariter
992 2347 1211 2444 indignatio-

138 2465 225 2520 atem
240 2465 366 2520 eorum
385 2467 640 2540 provocamus.
691 2447 842 2521 Habetis
860 2447 975 2520 &vos
989 2447 1135 2520 tertium
1149 2467 1210 2544 ge-

60 2569 63 2578 ’
140 2563 231 2638 nus,
257 2545 321 2620 etii
337 2567 416 2620 non
434 2545 478 2620 de
496 2549 606 2621 tertio
623 2545 722 2639 ritu,
747 2559 903 2620 attamen
919 2546 963 2620 de
980 2547 1092 2620 tertio
1108 2543 1212 2624 sexu.

138 2643 235 2721 Illud
256 2647 371 2744 aptius
389 2647 433 2720 de
459 2648 544 2722 vito
564 2647 773 2741 desemine,
801 2647 890 2720 viris
912 2646 945 2718 u
968 2645 1106 2720 sentinis
1128 2647 1214 2738 jaur-

129 2739 248 2816 ‘dium
306 2741 384 2817 Aut
403 2747 563 2840 nunquid
582 2745 658 2840 ipso
678 2767 750 2819 vos
776 2746 933 2841 collegio
959 2745 1211 2820 offendimus?

140 2841 246 2915 Solet
268 2845 446 2936 equalitas
471 2845 705 2920 aemulationis
727 2845 910 2920 materiam
935 2841 1213 2924 subministrare.

140 2941 202 3015 Sic
210 2941 338 3040 figulus
352 2939 482 3040 figu10,
494 2943 606 3018 'saber
626 2945 731 3020 fabro
751 2945 902 3020 invidet.
953 2944 1067 3019 Immo
1077 2945 1149 3040 jam
1163 2945 1214 3020 de

140 3035 215 3116 fine
233 3041 391 3116 simulata
411 3045 581 3120 confessio
602 3044 732 3142 redigit
746 3040 1001 3118 conscientiam
1020 3043 1064 3118 ad
1077 3045 1213 3118 verita-

141 3153 245 3234 tem,
277 3145 311 3215 dc
332 3143 374 3216 ad
396 3143 629 3221 constantiam
651 3146 840 3240 veritatis,
875 3143 977 3242 (nam
999 3143 1120 3220 omnia
1145 3141 1214 3221 ista

141 3241 180 3316 in
205 3243 311 3315 nobis
337 3241 420 3316 solis
448 3259 573 3340 erunt,
609 3245 819 3320 &anobis
853 3243 936 3319 solis
969 3245 1212 3318 revincuntur

144 3339 270 3434 quibus
291 3341 402 3416 inlata
413 3341 548 3442 sunta)
568 3345 752 3443 agnitione
770 3343 906 3418 scilicet
923 3341 1068 3437 diversae
1082 3344 1212 3437 partis,

142 3441 239 3514 unde
261 3439 407 3516 scientia
427 3443 594 3518 instrusta
617 3445 651 3518 u
674 3443 855 3519 consilium
877 3443 1048 3541 inspirati
1068 3441 1213 3536 &iudi-

93 3576 95 3582 ·
142 3539 238 3615 cium
271 3545 455 3639 gubernat.
507 3541 639 3618 Vestra
668 3545 821 3636 denique
851 3543 1027 3618 sententia
1056 3541 1133 3635 est,
1162 3565 1215 3615 ne

143 3637 294 3714 caussam
315 3645 392 3737 quis
408 3643 572 3738 judicet,
604 3645 667 3718 nisa
688 3645 828 3718 duobus
851 3645 989 3718 auditis.
1042 3641 1157 3743 Quod
1170 3643 1213 3718 in

142 3739 250 3812 nobis
278 3740 362 3817 solis
393 3744 591 3840 negligitis,
625 3757 761 3818 naturae
789 3745 885 3818 vitio
917 3741 1140 3842 satisfacitis,
1166 3755 1214 3818 ut

146 3857 224 3932 quae
246 3842 284 3916 in
315 3843 421 3919 nobis
444 3863 522 3922 uon
545 3843 744 3942 refutetis,
773 3844 813 3922 io
843 3843 1010 3922 aliis....
1036 3843 1114 3934 tis,
1146 3856 1213 3916 aut

1068 3961 1158 4036 quo·
