2616 4336
331 147 706 273 aoiiarronra.
757 137 932 236 trau
993 172 997 181 ·
1102 175 1172 257 κῃ

95 319 274 400 memoria
291 319 629 412 reciprocatorum,
662 317 814 411 aliquam
834 317 1118 394 dominationem
1133 319 1175 398 sr-
1203 326 1205 332 '
1299 393 1301 420 4

16 439 39 451 ”
95 417 133 498 bi
147 418 291 518 precelse
311 414 546 514 persuadeant
570 417 707 510 vobis,
736 413 794 489 cui
813 432 985 512 appatere
1007 417 1177 496 videatur
1226 477 1236 492 Ι
1300 451 1301 472 ÷

95 517 263 596 universa
283 517 487 613 negotiatio
510 515 698 591 mundialis
720 518 939 611 perveniens
962 517 1007 593 ad
1032 519 1180 596 humani

97 621 239 718 generis
259 616 453 692 utilitatem
470 617 506 690 dt
625 615 734 690 nernl
760 615 851 690 Non
872 617 967 694 enim
988 619 1109 712 potest
1125 617 1178 693 di·

6 785 12 804 ,
97 737 200 811 cere,
227 717 341 794 easrbi
357 715 561 890 affereistn
589 737 631 790 ac
643 715 706 790 fibi
723 731 872 810 curate,
899 719 1178 812 necquicquam

95 819 283 898 hominum
309 839 411 891 caua
437 817 650 912 disponere,
684 837 767 890 curn
784 829 980 912 propterea
1003 817 1175 894 defendas

96 919 284 994 elementis
313 917 567 1008 divinitatem,
594 914 693 1009 quod
718 915 761 989 ab
789 917 863 988 aliis
891 926 953 990 aut
971 919 1091 1012 juvari
1115 933 1178 1014 te,

97 1033 161 1094 aut
179 1017 256 1094 ledi
272 1015 422 1090 sentias:
448 1032 532 1089 narn
552 1016 577 1088 li
594 1016 656 1090 irbi
676 1013 862 1111 praestant,
883 1017 1037 1092 nihileis
1057 1018 1183 1098 debet.
1290 1033 1295 1042 ’

174 1121 207 1192 6.
234 1113 315 1213 Age
333 1116 427 1209 jana,
461 1111 705 1189 conceditisne
728 1114 954 1191 divinitatem
974 1119 1181 1194 nonrnodo
1273 1187 1276 1192 .

96 1237 177 1295 non
192 1215 369 1291 serviliter
384 1231 548 1308 currere,
572 1213 634 1289 sed
649 1215 807 1310 inprimis
821 1216 961 1312 integre
974 1215 1086 1312 stare,
1117 1239 1184 1292 ne·

99 1338 172 1414 que
186 1317 319 1404 minui,
343 1313 461 1408 neque
476 1316 663 1410 intercipi,
695 1331 814 1407 neque
833 1321 1015 1412 cornrmpi
1033 1319 1181 1396 debete.

48 1438 55 1449 ·
100 1417 271 1492 Ceterum
289 1415 376 1490 abiit
395 1417 512 1490 omnis
528 1415 680 1488 felicitas
695 1415 795 1509 ¹elus,
822 1411 950 1508 siquid
963 1419 1098 1512 patitur
1111 1439 1179 1492 un·

100 1537 217 1612 quarn.
277 1512 376 1588 Ecce
405 1529 525 1590 autem
550 1515 586 1588 dt
610 1513 698 1588 al‘tta
723 1513 963 1612 intercidunt,
1008 1515 1180 1592 &intera

101 1613 220 1694 cidisse
245 1611 282 1690 se
308 1613 529 1690 attestantur.
581 1610 791 1686 Confitetur
823 1613 858 1688 dt
889 1615 975 1689 luna
1008 1630 1183 1708 quantuni

101 1713 277 1808 amiserit,
311 1733 392 1789 curn
407 1713 564 1790 resumit.
614 1715 692 1810 Jarn
709 1715 847 1806 majora
871 1715 946 1808 eius
965 1715 1184 1794 detrimenta

100 1815 225 1891 soletis
247 1815 285 1886 in
305 1831 402 1906 aqua
415 1807 562 1908 speculo
582 1806 827 1886 consideraret
851 1828 903 1910 *ut
923 1815 1012 1890 nihil
1032 1817 1185 1912 amplius
1243 1909 1246 1916 ι

99 1917 210 1990 ullam
223 1971 231 1990 .
244 1967 252 1989 .
266 1971 296 1988 ..
319 1913 461 1988 credant
483 1912 583 2006 quod
596 1913 690 2010 magi
707 1927 855 1990 norunt.
903 1911 980 2009 Ipse
999 1917 1108 1992 etiam
1126 1913 1184 1994 sol

72 2086 77 2097 ,
100 2013 193 2110 sape
207 2011 410 2094 desedione
427 2025 589 2087 tentatus
607 2011 667 2088 eit
719 2009 861 2108 Fingite
881 2011 1056 2107 quaslibet
1070 2019 1185 2090 ratio·

100 2135 167 2190 nes
192 2113 387 2188 coelestium
412 2109 573 2209 testimo,
610 2129 689 2186 non
712 2113 820 2186 volet
843 2114 946 2190 Deua
973 2129 1035 2188 arat
1060 2117 1183 2191 minor
1241 2165 1242 2174 r

101 2211 202 2308 fieri,
227 2227 289 2288 aut
306 2212 374 2286 else
393 2209 562 2290 desinere.
614 2211 783 2286 Viderint
800 2212 908 2306 igitur
927 2215 1088 2290 harnana
1115 2215 1182 2290 do·

100 2313 223 2394 &rinc
246 2313 472 2407 patrocinia,
507 2331 585 2406 quae
615 2308 841 2404 conjedtandi
865 2309 1019 2387 artificio
1047 2311 1183 2409 sapien·

101 2413 190 2488 tiam
211 2413 487 2488 mentiuntur&
513 2415 716 2488 veritatem.
766 2407 862 2484 Nam
882 2411 965 2485 alias
990 2427 1118 2488 natura
1131 2414 1184 2490 sre

102 2513 176 2608 est,
200 2512 316 2604 utqui
332 2513 458 2587 melius
477 2513 627 2607 dixerit,
654 2512 713 2584 hit
724 2511 847 2584 vetius
863 2510 986 2586 dixisse
996 2511 1181 2593 viderunt
1296 2521 1301 2530 ’

101 2633 182 2690 non
202 2613 420 2708 quinctius,
447 2613 476 2684 is
500 2613 638 2686 melius.
1207 2690 1211 2700 ¹

180 2733 213 2810 7.
240 2709 411 2786 Ceterum
424 2713 483 2785 cui
499 2731 557 2785 tes
571 2709 850 2806 examinabitur,
878 2707 1097 2794 verisimilius
1113 2713 1185 2790 uti·

102 2833 176 2910 que
202 2812 300 2887 dicet
324 2813 501 2888 elementa
524 2810 589 2886 ista
613 2811 657 2884 ab
683 2811 804 2902 aliquo
829 2812 927 2910 tegi,
952 2831 1056 2905 quarn
1080 2813 1184 2888 ultro
1216 2827 1243 2869 '-

204 2912 529 3010 igiturnondeos,
556 2927 635 3005 que
662 2907 723 2984 sub
750 2911 882 3004 aliquo³
928 2912 1025 2986 'Atsr
1049 2915 1086 2986 in
1111 2913 1182 2988 isto

102 3027 268 3106 matur,
295 3011 421 3086 melius
438 3011 489 3086 cst
503 3011 730 3106 simpliciter,
758 3023 921 3102 quarunt
941 3011 1102 3107 physrdi,
1131 3011 1182 3085 di·

100 3113 278 3210 ligenter.·
320 3106 496 3186 Sedenim
509 3111 534 3184 si
548 3113 594 3188 ad
612 3111 836 3203 myuic....
858 3121 938 3203 tes,
965 3113 1089 3186 melius
1106 3109 1181 3204 jara

101 3213 142 3288 in
167 3209 315 3308 physico
340 3212 539 3284 mortaliter
566 3219 681 3301 errat,
720 3209 771 3282 eia
799 3207 1026 3286 divinitatem
1057 3208 1182 3284 adscri-

101 3311 258 3404 temo,
303 3329 380 3404 quae
405 3305 508 3404 super
532 3309 714 3383 hominem
738 3321 842 3402 putat
865 3307 953 3403 situ,
987 3307 1022 3382 dt
1047 3313 1109 3400 vi,
1145 3309 1181 3384 tc

99 3409 347 3509 magnitudine
373 3410 408 3482 dt
433 3405 621 3482 divinitate
646 3405 790 3482 sentirit
832 3407 932 3501 quod
956 3409 1052 3483 enim
1075 3403 1181 3503 strper

101 3510 310 3604 hominem,
344 3508 468 3582 credas
492 3507 579 3582 Deo
604 3511 819 3603 proximum.
873 3505 1044 3580 Ceterum
1067 3521 1110 3582 ut
1136 3505 1181 3584 ad
1270 3567 1273 3577 .

102 3609 304 3702 nycticora
318 3603 555 3695 transeamus,
572 3607 672 3700 quod
689 3609 809 3702 poetis
824 3603 1038 3702 deputatur,
1057 3605 1181 3682 nescio

105 3726 152 3784 an
167 3720 306 3782 tanturn
437 3707 679 3782 mediocritati
701 3705 854 3798 nostrae,
881 3723 925 3778 an
944 3707 1034 3780 tanti
1050 3709 1095 3782 de
1116 3708 1182 3781 do·

105 3807 286 3886 merentia
301 3761 500 3907 divinitatis
515 3804 609 3888 conf
614 3857 709 3884 .....
734 3819 777 3882 ut
792 3803 945 3908 Moptu
960 3801 1182 3907 Africanus,

243 4049 257 4071 ⁹
1009 4044 1016 4090 l

756 4147 763 4190 l
