2616 4336
155 269 228 324 222·
301 227 687 348 ‚Qsssrrniew
712 238 1079 362 Terruerunt
1149 336 1151 340 Ι

151 405 480 486 lertibussalutams
496 405 562 502 est,
587 427 693 500 quarn
703 427 770 482 rex
788 406 994 506 Judaeorum
1006 407 1248 505 proscriptae

151 509 190 584 in
209 529 379 600 crucem,
404 513 581 579 minoratus
604 513 704 604 primo
727 527 861 604 aparte
879 511 1027 580 modicum
1050 514 1126 604 quid
1149 519 1249 584 cim

151 613 287 708 angelos,
315 607 416 682 &ita
439 609 553 706 gioria
571 608 606 682 ἂ
625 611 769 682 honore
790 597 1004 684 coronatur]
1035 609 1073 682 Si
1088 611 1137 685 ob
1154 613 1248 688 haee

152 723 262 802 caput
278 709 310 781 ei
327 720 430 782 tuum
446 709 581 802 debes,
607 709 722 782 talesr
742 721 850 804 potes
867 709 901 782 ei
918 711 1099 804 repende,
1126 715 1247 804 quale

151 807 252 885 suurn
271 829 342 903 pro
360 821 428 883 tuo
447 809 602 882 obtulit:
629 821 691 882 aut
712 831 782 882 nec
799 807 949 884 floribus
968 813 1183 908 coroneris,
1215 809 1246 892 fi

81 923 82 928 ’
152 907 259 1006 spinis
274 930 352 982 non
367 922 496 1004 potes:
523 912 604 1002 quia
622 930 699 982 non
716 909 867 984 floribus
886 921 1006 1002 potes.

231 1027 285 1098 15.
310 1007 514 1083 Serva-deo
539 1031 615 1086 rem
639 1008 1011 1085 suain-intaminatam.
1061 1011 1128 1085 Ille
1155 1014 1244 1088 erni

152 1109 180 1186 fl
199 1109 327 1204 volet,
354 1111 559 1186 coronabit.
611 1109 691 1183 irno
711 1109 746 1182 &
764 1111 855 1184 vult
891 1107 1061 1204 Denique
1078 1113 1243 1208 invitat,

118 1292 122 1302 Ι
152 1213 225 1302 Qua
254 1229 388 1296 vicent,
415 1213 555 1304 inquit,
581 1211 658 1282 dabo
676 1215 705 1280 ei
724 1232 869 1280 coronam
892 1216 982 1282 vira.
1034 1207 1122 1284 Esto
1140 1207 1241 1285 &tu'

60 1395 63 1400 .
150 1306 290 1404 fidelid,
327 1311 370 1384 ad
387 1323 562 1384 mortem:
600 1311 747 1384 decerta
770 1307 805 1382 dt
825 1319 866 1382 tu
887 1311 1027 1384 bonum
1053 1331 1237 1408 agonem,

150 1412 253 1503 cujus
280 1431 455 1486 coronam
487 1409 753 1506 &Apostolus
784 1409 977 1502 repositam
1002 1411 1064 1484 sibi
1096 1413 1238 1486 merito

152 1506 316 1586 confidit.
367 1507 514 1604 Accipit
538 1510 574 1584 dr
598 1512 743 1608 angelus
765 1509 928 1584 victoriae
948 1531 1124 1586 coronam
1144 1531 1237 1606 pro-

152 1607 284 1684 cedens
301 1609 340 1683 in
357 1611 511 1684 candido
529 1629 646 1703 equ0,
673 1623 715 1712 ot
727 1611 903 1685 vinceret
954 1607 1006 1682 Et
1019 1611 1105 1687 elius
1124 1611 1240 1686 liidie

152 1711 288 1786 ambitu
312 1725 462 1785 ornatur
483 1709 614 1784 coelesti
635 1724 753 1804 prato.
804 1708 941 1784 Sedent
959 1709 997 1782 dc
1018 1707 1236 1804 Presbyteri

151 1811 342 1904 coronati,
369 1813 569 1903 eodemque
588 1831 679 1882 auro
694 1807 815 1902 &ipse
829 1807 923 1882 filius
940 1808 1096 1884 hominis
1125 1810 1235 1906 supra

71 1945 81 1996 ιη
149 1913 286 1984 nubem
296 1909 415 1986 micat.
448 1911 485 1983 Si
505 1913 594 1998 tales
608 1910 777 2006 imagines
794 1909 831 1982 in
850 1910 1002 2004 visione,
1030 1912 1152 2004 quales
1166 1934 1233 1984 ve·

149 2010 275 2082 ritates
289 2011 328 2084 in
343 2007 684 2106 repraesentatione?
710 2010 789 2082 nias
806 2007 935 2103 aspice,
961 2011 1037 2084 illan
1056 2011 1231 2110 odorare.

56 2182 58 2194 ,
92 2107 94 2115 '
151 2107 253 2208 Quid
268 2125 378 2204 caput
398 2109 602 2204 strophiolo
620 2122 686 2182 aut
704 2109 933 2188 dracontario
960 2110 1126 2204 damnas,
1154 2111 1231 2186 dia·

150 2207 540 2288 demati‘destinatumt
556 2207 700 2283 Nam&
714 2229 816 2306 teges
833 2231 902 2281 nos
919 2211 990 2283 deo
1006 2211 1144 2303 &patri
1159 2209 1229 2284 suo

148 2309 240 2383 fecit
255 2307 413 2384 Christus
436 2308 546 2408 Jesus.
599 2311 697 2406 Quid
715 2311 780 2384 tibi
802 2331 882 2383 curn
902 2307 996 2384 flore
1005 2309 1230 2395 morituro?

147 2407 273 2484 Habes
293 2409 424 2484 florem
439 2433 484 2484 ex
503 2411 605 2508 virga
624 2407 735 2504 Jesse,
759 2407 864 2506 super
880 2431 985 2502 quem
1008 2423 1090 2484 tota
1112 2412 1229 2486 divini

146 2509 291 2602 spiritus
314 2511 427 2608 gratia
444 2512 625 2604 requievit
644 2507 773 2584 florem
794 2513 1066 2606 incorruptum,
1087 2511 1229 2586 immar-

149 2607 373 2706 cescibilem,
405 2609 680 2704 sempiternum:
718 2631 823 2702 quern
843 2609 877 2682 dr
895 2612 1014 2684 bonus
1035 2611 1136 2686 miles
1163 2614 1241 2686 eli-¹

91 2740 95 2748 v
175 2711 292 2800 endo,
327 2713 364 2784 in
384 2711 516 2787 celesti
537 2709 787 2802 ordinatione,
819 2709 1028 2805 dignatione
1051 2712 1224 2805 profecit

146 2731 358 2884 {rubescite
377 2812 643 2885 commilitones
663 2811 760 2904 ejus,
784 2809 857 2902 jam
874 2829 952 2883 non
973 2813 1016 2884 ab
1038 2807 1115 2908 ipso
1129 2811 1227 2905 judis
1250 2877 1253 2890 .

149 2909 280 3004 candi,
312 2909 372 2984 sed
390 2911 432 2983 ab
456 2912 576 3002 aliquo
590 2909 740 2983 Mithrae
757 2910 889 2986 milite:
921 2913 1082 3004 quicum
1107 2911 1225 2985 initia·

148 3011 268 3084 turin
290 3008 419 3104 spelaeo
440 3010 478 3082 in
504 3009 623 3082 castris
648 3029 736 3082 vere
761 3013 1012 3103 tenebrarum,
1047 3028 1223 3092 coronam

146 3109 363 3204 interpofito
378 3109 496 3207 gladio
515 3109 578 3183 fibi
599 3109 758 3184 oblatam
777 3109 870 3202 quasl
883 3112 1029 3184 inimum
1042 3111 1227 3206 martyrii,

147 3211 278 3286 dehinc
308 3213 414 3307 capiti
440 3207 504 3283 suo
535 3211 863 3301 accommodatam,
903 3227 1072 3282 monetur
1092 3213 1221 3286 'obvia

146 3329 297 3386 manua
320 3312 438 3406 capite
461 3309 661 3404 depellere,
695 3307 731 3382 dr
752 3311 1021 3401 innumerum,
1047 3309 1217 3407 srforte,

146 3409 362 3506 transferre,
389 3411 510 3484 dicens
533 3410 704 3484 Mithram
721 3405 792 3482 effe
810 3427 984 3483 coronam
1005 3409 1109 3484 suain.
1150 3409 1225 3484 At·'

147 3533 218 3605 que
232 3511 362 3585 exinde
374 3529 553 3602 nunquam
567 3523 780 3601 coronatur,
795 3510 906 3602 idque
916 3511 952 3582 in
963 3509 1096 3606 signum
1108 3509 1221 3586 habet

146 3611 191 3684 ad
217 3611 472 3708 probationem
493 3604 565 3700 sui,
588 3607 698 3680 sicubi
720 3623 879 3682 tentatus
906 3609 1016 3684 fuerit
1042 3610 1087 3682 de
1107 3607 1225 3684 sacra·

143 3724 292 3790 mento:
318 3705 677 3802 statimquecreditur
691 3705 837 3784 Mithrae
855 3710 978 3801 miles,
1003 3709 1027 3783 ri
1047 3709 1221 3802 dejecerit

144 3828 345 3904 coronam,
363 3811 397 3884 ·s1
417 3826 494 3882 earn
518 3809 642 3881 indeo
664 3805 728 3881 suo
749 3807 818 3883 eiie
842 3809 984 3884 dixerit.
1034 3807 1218 3906 Agnosca-

143 3928 223 3982 rnur
245 3909 387 4005 ingenia
407 3909 542 3982 diaboli
564 3907 703 3982 idcirco
729 3909 889 4002 quaedam
909 3909 957 3982 de
976 3909 1109 3983 divinis
1132 3909 1223 3985 affe-¹

79 4045 86 4057 -
145 3996 294 4104 dauns,
318 4021 361 4082 ut
374 4028 442 4084 nos
457 4009 502 4084 de
517 4006 662 4086 suorum
673 4005 747 4086 fide
763 4006 1010 4086 confundat&
1019 4009 1169 4184 jugicet

985 4110 1033 4210 Q.
1085 4127 1167 4186 err.
