2612 4328
6 255 8 320 ;
110 257 155 312 μ
240 157 1001 304 beroenmeetsecde'xor'e:
1076 223 1169 306 adr.

6 363 8 388 ⁸
47 390 143 492 pro
171 383 343 462 bandus
375 396 529 484 propter
559 381 684 480 ipsum
735 385 849 482 Quod
872 385 1057 482 Johannes
1084 353 1148 462 do·
1266 413 1293 465 4

81 505 184 580 rens,
217 505 294 561 non
319 485 444 580 &pro
470 486 642 560 fratribus
664 487 949 580 numerandum,
987 486 1046 562 sed
1070 506 1159 560 rno-v

6 645 8 676 ,
78 585 235 662 tiendum
250 587 371 679 potius
386 587 657 682 pronunciavit
681 585 783 660 Nihil
803 585 969 679 interest,
995 587 1161 680 siquem·
1277 592 1280 606 '

56 712 60 718 ·
75 683 307 762 Christianum
324 688 500 762 redimere
514 707 590 760 non
606 685 750 778 debeas,
772 699 833 759 aut
849 691 981 781 emere,
1008 687 1147 760 &adeo

70 783 245 860 voluntas
263 783 335 860 D'ei
354 787 401 860 stc
415 783 477 862 est.
504 781 634 879 Aspice
652 785 896 882 regnorum&
911 787 1144 888 imperiorum
1183 869 1191 878 ,

71 887 197 981 atique
211 883 329 960 aDeo
344 884 550 984 dispofitum
567 883 709 978 stntum,
735 885 773 958 in
792 887 891 979 cujus
913 911 1009 955 manu
1029 911 1079 958 cor
1098 912 1148 958 re-

67 990 126 1080 gri.
163 983 285 1062 Tanta
302 986 465 1080 quotidie
481 986 606 1060 aerario
629 984 794 1082 augendo
812 983 1077 1080 prospiciuntur
1089 1007 1158 1060 re:

69 1085 189 1162 media
215 1082 406 1180 censuum,
437 1083 687 1182 vestigalium,
721 1085 985 1176 collationum,
1018 1083 1159 1180 stipem·

69 1183 235 1260 diorum:
266 1205 336 1260 nec
354 1207 511 1279 unqoetn
524 1184 634 1278 usque
655 1183 771 1259 adhuc
786 1207 831 1258 ex
852 1182 1055 1260 Christianis
1073 1185 1160 1258 tale·

68 1283 204 1377 aliquid
223 1283 448 1380 prospedlum
471 1283 541 1380 est,
568 1283 630 1360 sub
649 1286 764 1380 aliqua
781 1284 1032 1378 redemptione
1052 1284 1146 1378 capi·

66 1385 113 1458 tis
135 1381 283 1458 &sesne
300 1385 514 1484 redigendis,
541 1405 623 1462 eum
638 1397 747 1460 tante
761 1383 997 1459 multitudinis
1013 1383 1163 1458 nemini·

56 1472 203 1580 Qnotae
212 1481 346 1560 bueus
355 1487 480 1584 ingens
491 1487 577 1560 meti
586 1483 713 1579 posset.
739 1483 917 1582 Sanguine
927 1487 1056 1578 empti,
1072 1481 1162 1558 san··
1215 1517 1218 1525 ·

65 1583 176 1680 guine
191 1586 380 1678 numerati,
396 1587 533 1661 nullum
547 1605 731 1658 nummum
746 1603 813 1676 pro
827 1585 943 1676 capite
955 1585 1144 1658 debemus:

67 1684 153 1774 qttia
168 1697 278 1780 caput
288 1684 452 1758 nostrum
462 1683 620 1758 Christus
634 1683 694 1758 eil
744 1681 836 1756 Non
849 1681 956 1756 decet
968 1681 1144 1756 Christum

65 1785 222 1878 pecunia
243 1782 418 1860 constare.
441 1821 446 1828 ·
471 1781 660 1877 quomodo
677 1783 712 1855 dt
729 1781 900 1876 martyria
913 1777 990 1856 lieri
1003 1779 1147 1879 pollent

66 1881 281 1980 ingloriam
307 1883 460 1977 domini,
500 1883 525 1958 li
555 1883 693 1956 tributo
717 1879 1018 1980 licentiam-sede
1046 1903 1145 1956 com·

10 2000 17 2013 ·
65 1982 327 2078 pensaremus?
351 1983 478 2081 ltaque
494 1983 554 2076 qui
575 2003 653 2058 earn
672 1984 820 2078 praentio
843 1979 1052 2078 paciscitur,
1080 1978 1143 2056 dis·

66 2083 239 2178 positioni
261 2079 630 2160 divine-adversatur.
681 2079 773 2156 Cum
796 2083 903 2182 igitur
927 2083 1015 2158 nihil
1034 2081 1161 2157 nobie?

7 2211 9 2246 ι
67 2179 182 2258 Cesar
205 2183 375 2258 indixerit
405 2185 442 2258 in
465 2185 561 2258 hunc
585 2181 733 2258 modum
763 2179 994 2277 stipendiarie
1018 2179 1142 2277 sesne,
1209 2198 1217 2208 ·

65 2279 127 2358 sed
143 2303 214 2358 nec
233 2282 342 2360 indici
365 2305 534 2378 umquam
555 2281 628 2358 tale
654 2281 740 2376 quid
759 2281 885 2378 polilt,
910 2281 1142 2375 antichristo,
1159 2336 1162 2344 .

8 2393 9 2400 '
64 2379 138 2474 itm
157 2382 325 2480 instante,
345 2381 387 2458 'o
401 2385 438 2459 in
450 2381 668 2480 sangtrinem,
688 2403 765 2456 non
787 2382 824 2456 in
836 2381 1009 2476 pecudes
1020 2381 1143 2454 hiante

8 2511 9 2522 r
68 2477 584 2578 emittendum-quomodo
600 2481 686 2560 mihi
701 2499 922 2576 proponere.
980 2475 1161 2554 testsrri-:

68 2595 210 2680 pteram
227 2581 316 2678 effe,
337 2587 470 2658 Reddite
481 2609 550 2679 qua
557 2583 641 2671 serti
656 2583 785 2671 Castris
799 2567 931 2672 Cassii.
959 2579 1067 2652 Miles
1084 2601 1144 2654 me

8 2694 12 2706 ·
68 2686 131 2772 uel
151 2684 294 2758 delator
317 2685 381 2758 vel
402 2684 568 2763 inimicus
594 2682 785 2774 concutit,
810 2679 898 2754 nibil
925 2675 1048 2752 Caerari
1063 2681 1160 2753 exi·

68 2803 179 2880 gens,
204 2785 278 2858 imo
296 2799 426 2860 eontra
445 2783 602 2876 iaciens,
626 2801 712 2856 cum
727 2778 975 2873 Christianum,
1003 2779 1159 2876 legibus:

67 2871 229 2960 humanis
246 2901 369 2977 reum,
393 2883 561 2960 mercede
577 2882 735 2958 dimittit.
786 2878 894 2955 Alius
908 2879 1152 2954 est‘denarius·

69 3001 177 3076 quem
207 2979 332 3058 Caesari
354 2983 503 3080 debeo,
539 2981 656 3075 quiad
676 3003 758 3058 eom
779 2981 959 3076 pertinet,
994 2980 1040 3054 de
1066 3001 1140 3072 quo

10 3087 11 3090 ‘
69 3093 160 3159 nme
181 3081 370 3178 agebatur,
396 3083 605 3159 tributaries
623 3103 644 3156 a
662 3081 859 3156 tributariis
882 3077 1038 3173 seilicet,
1064 3101 1159 3154 non·
1214 3110 1217 3118 ·

71 3182 233 3258 olibetis
260 3181 412 3262 debitus
469 3179 550 3256 Aut
576 3181 765 3276 quomodo
786 3180 934 3254 reddam
956 3201 1033 3273 qne
1053 3177 1158 3252 fimt·
1286 3224 1289 3233 -

69 3275 139 3360 Dei
152 3281 264 3372 Deo,
288 3283 413 3376 utique
427 3283 581 3380 proinde
597 3281 785 3380 imaginem
796 3281 1023 3354 &monetam
1031 3278 1153 3370 ipsius.

68 3377 530 3480 inscnpomnomineejusz
555 3379 594 3458 id
608 3376 1160 3475 ethemimmchristianuml‘

71 3481 166 3580 Quid
184 3499 304 3560 autem
316 3483 403 3560 Deo
421 3485 564 3578 debeo,
589 3483 679 3556 stcut
695 3481 876 3556 denarium
902 3477 1049 3568 Cesarr,
1076 3474 1155 3550 nili.

12 3607 20 3682 l
69 3575 1157 3778 strumsuperstiterunt

1022 3729 1037 3770 3

70 3785 216 3863 veroin
233 3805 281 3862 eo
297 3783 376 3862 sum
387 3797 584 3956 temporeii
601 3793 657 3860 ,ηε
673 3781 772 3876 quod
783 3775 1138 3956 Deodtbiossexpo

125 3935 135 3952 .
220 3936 225 3949 .
608 3901 629 3984 3
1031 3887 1089 3960 etz
