2616 4336
150 229 222 310 πει
294 223 348 330 Q.
372 219 508 304 Srrr.
533 219 679 304 Fror.
704 215 1073 312 Trrruatrtrr

151 409 325 466 cere....
351 385 432 463 u..
465 383 527 460 De
552 383 727 458 Romanis
754 381 982 478 stupeamus,
1016 377 1163 456 tertium
1183 379 1233 456 il·
1276 465 1294 477 ‚p

150 487 215 568 lud
234 507 345 586 genus
364 482 544 562 hostilium
565 483 808 560 deorum
835 481 1000 576 eoquod
1022 481 1119 556 nulla
1135 501 1231 576 gens

152 587 222 664 alia
234 599 375 662 tantum
390 586 454 661 libi
472 581 729 678 superstitionis
742 583 925 658 invenerit
941 639 950 658 .
964 639 973 657 .
986 638 1018 657 ..
1044 581 1130 654 duas
1148 577 1233 673 spe·

152 687 226 764 cies
245 687 454 784 dirigimus3
486 685 577 760 alios
596 683 641 756 de
660 683 867 760 hominibus
885 679 1105 776 all'umptos,
1132 679 1230 754 alios

151 785 236 864 inde
258 799 473 880 conceptos.
523 782 636 881 Igitur
656 784 826 878 quoniam
847 783 942 858 idem
964 782 1033 854 illis
1057 781 1163 854 color
1190 777 1231 852 dt

151 883 311 984 suppetit
324 882 605 962 consecrationis
619 894 871 974 mortuorum,
896 895 1066 973 tanquam
1086 881 1135 954 ob
1152 898 1231 954 me·

152 985 222 1060 rita
246 985 360 1078 vitaeq
396 983 546 1058 eandem
566 982 601 1058 dt
621 1005 691 1058 nos
710 978 975 1077 responsronem
998 999 1231 1074 opponamus

151 1083 294 1164 necess'e
311 1081 380 1181 est,
404 1084 583 1159 neminem
601 1105 648 1157 ex
661 1083 717 1156 his
733 1101 878 1176 quoque
892 1081 984 1154 tanti
999 1077 1110 1156 uisse
1161 1077 1232 1152 Pa·
1261 1117 1268 1124 -

13 1233 14 1274 q
151 1199 248 1260 trem
273 1183 478 1282 diligentem
500 1179 664 1258 Aeneam
685 1181 940 1274 crediderunt,
963 1179 1112 1255 militem
1136 1198 1232 1252 nun·-

13 1285 15 1356 ἴ
154 1306 262 1379 quam
293 1279 512 1382 gloriolam,
543 1281 661 1374 lapide
695 1281 944 1356 debilitatum:
982 1277 1082 1373 quod
1113 1279 1231 1353 telum

13 1421 15 1436 ‹
154 1397 328 1480 quantum
353 1383 528 1480 volgare,
567 1394 675 1474 atque
706 1381 893 1474 caninum,
929 1393 1036 1454 tanto
1066 1377 1232 1475 ignobile

47 1561 48 1568 Ν
152 1484 314 1570 vulnus!
352 1481 424 1558 Sed
451 1481 486 1558 u
514 1482 685 1576 proditor
711 1481 834 1580 patrie
858 1477 1003 1554 Aeneas
1028 1478 1230 1554 invenitur.

153 1576 248 1658 Tarn
261 1577 430 1677 Aeneas,
457 1575 563 1675 qu'anr
581 1577 762 1658 Antenor.
813 1578 911 1654 Acsr
930 1579 1004 1652 hoc
1021 1596 1150 1652 venun
1160 1597 1233 1650 no·

153 1683 263 1776 lunt,
288 1679 431 1758 Aeneas
453 1695 554 1756 certe
570 1685 685 1776 patria
706 1679 880 1778 flagrante
898 1677 1087 1769 dereliquit
1105 1673 1233 1750 socios

13 1789 14 1792 ‘
110 1792 115 1802 '
153 1781 296 1860 femina
310 1780 452 1856 Punica
470 1781 726 1876 subjiciendus,
754 1801 831 1874 quae
845 1779 1011 1855 maritum
1028 1775 1232 1852 Hasdruba-

26 1897 31 1906 '
153 1881 227 1958 lem
241 1880 377 1956 Aeneae
391 1882 583 1958 timiditate
602 1879 858 1976 supplicantem
877 1875 972 1956 hosti
989 1896 1065 1952 non
1080 1877 1232 1950 comita-

154 1993 214 2074 ta,
239 1981 350 2075 raptis
369 1979 489 2056 secum
503 1977 605 2072 filiis,
630 1980 784 2056 formam
807 1978 843 2054 u
863 1992 1002 2074 patrem
1017 1977 1079 2052 libi
1094 1977 1234 2050 habere

154 2098 234 2161 non
250 2080 289 2156 ln
301 2077 422 2178 fugam
435 2077 550 2175 sapit,
573 2078 633 2154 sed
647 2080 685 2154 in
698 2080 798 2177 ignes
813 2079 970 2154 ardentis
988 2075 1232 2174 Carthaginis,

65 2175 93 2236 ,¹
155 2181 256 2260 utin
277 2181 458 2274 amplexus
479 2179 602 2277 patria
621 2179 806 2274 pereuntis
827 2179 1002 2254 incubuit.
1053 2175 1136 2250 Pius
1154 2174 1233 2250 Ae·

81 2324 85 2333 =
154 2300 262 2373 neas,
289 2281 339 2354 ob
353 2281 499 2354 unicum
516 2299 667 2375 puerum
685 2279 722 2355 u
738 2279 960 2374 decrepitum
972 2273 1113 2371 senem,
1134 2273 1234 2350 Pn‘a-

155 2399 219 2458 mo
244 2375 517 2475 &Astyanatse
540 2378 740 2455 destitutis:
773 2379 896 2472 atquin
918 2377 1090 2457 Romanis
1117 2377 1231 2474 magia

113 2577 116 2584 Δ
155 2479 395 2558 detestandus.
448 2479 524 2580 Qui
531 2499 602 2578 pro
613 2477 724 2556 salute
739 2475 1125 2574 principumudomus
1141 2475 1233 2550 deo·

59 2601 61 2607 Ψ
154 2577 470 2772 tunitii
488 2576 996 2770 {trististristis
997 2575 1232 2750 blasti

156 2795 268 2852 canus
291 2775 403 2852 sciens
429 2779 593 2876 patitur,
629 2779 665 2852 dt
685 2779 784 2877 Juno
811 2775 991 2854 concedit.
1043 2775 1079 2850 Si
1102 2775 1233 2850 veredi

14 2957 15 2960 q
155 2887 346 2974 parentum
368 2878 405 2952 in
426 2881 519 2952 coelo
536 2877 684 2974 sedent,
717 2896 781 2952 cur
795 2899 871 2952 non
885 2877 1008 2972 potius
1029 2873 1159 2973 Argivi
1173 2875 1232 2967 ju·

155 2995 272 3078 venes
287 2975 359 3054 Dei
373 2977 507 3071 habiti,
535 2977 635 3072 quod
647 2989 798 3054 matrem
810 2999 858 3052 ne
874 2978 912 3050 in
931 2975 1036 3050 sacris
1049 2975 1233 3072 piaculum

156 3078 404 3154 committeret
420 3131 433 3174 ‚
467 3079 547 3173 plus
563 3099 667 3171 quarn
691 3079 851 3156 hmnano
869 3097 973 3150 more
990 3076 1127 3172 jugales
1144 3093 1232 3168 pro·

155 3175 371 3256 vexerunt?
409 3175 483 3262 Cur
499 3199 575 3252 non
597 3177 708 3275 magis
722 3177 814 3270 dea,
839 3197 919 3271 que
938 3175 1048 3272 magis
1062 3175 1143 3270 pia,
1169 3173 1233 3248 illa

14 3379 15 3382 Ν
127 3345 135 3365 ,
157 3272 233 3353 filia
247 3277 359 3374 patris
383 3277 421 3352 in
440 3297 584 3352 carcere
599 3277 694 3354 fame
717 3275 846 3352 delesti
865 3275 1036 3351 uberibus
1055 3271 1124 3348 suis
1144 3273 1232 3347 edu,

13 3383 15 3390 ’
158 3375 302 3452 catrixi
330 3377 430 3476 Quid
447 3377 541 3452 aliud
562 3373 924 3474 Aenea-gloriosum,
950 3373 1014 3450 nisr
1030 3374 1128 3468 quod
1141 3393 1231 3466 prae·

38 3529 41 3536 ·
72 3521 79 3559 .
155 3475 210 3552 lio
227 3471 451 3564 Laurentino
469 3477 638 3570 nusquam
661 3475 898 3571 comparuit?
930 3471 1063 3552 Rursus
1081 3471 1234 3548 fortun

156 3571 269 3656 solito
284 3576 388 3654 more
404 3575 497 3669 quali
510 3573 671 3652 desertor
687 3597 709 3651 e
723 3576 841 3671 prelio
857 3575 1001 3674 fugerit.
1027 3616 1032 3626 ·
1053 3571 1234 3648 Romulus

98 3695 102 3704 ’
138 3677 261 3850 'itt
274 3675 692 3872 sustulit
723 3671 1235 3854 tristissimus

272 3825 285 3865 s
682 3827 695 3868 r
867 3857 869 3862 .
1069 3829 1077 3849 ·

156 3869 336 3990 Romulus
349 3873 384 3950 dr
397 3875 761 3973 manuninum,
775 3873 1233 3973 &summensteten

1045 3972 1190 4074 rapuit>
1247 4049 1255 4056 .

241 4097 247 4152 l
