2582 4322
191 159 270 264 ¹326
315 157 394 262 .¹Q.
412 159 556 237 onon.
581 155 1111 295 navarraearum

191 323 454 404 inarmavawo
468 317 592 419 perfici
605 320 716 395 licuit
767 319 955 404 Putativus
966 322 1128 414 habitus,
1157 337 1248 414 putas

190 425 296 500 tivua
307 422 423 515 adius,
448 419 671 518 imaginarius
687 431 880 514 operator,
901 421 1107 516 imaginarie
1122 443 1247 514 opere

195 525 330 602 Sicnec
342 521 513 616 pasiiones
530 519 656 593 Christi
673 519 747 612 ejus
765 517 872 596 fidem
889 519 1129 596 merebuntur.
1155 520 1249 596 Nini

191 625 291 699 enirn
304 619 417 719 passus
434 620 507 713 est,
533 621 592 712 qui
605 640 684 694 non
695 639 786 692 vere
801 617 852 692 est
866 617 991 712 pass'us,
1026 623 1124 692 Vere
1140 634 1250 694 auten

191 724 272 820 peti
297 717 498 814 phantasma
523 741 600 794 non
619 719 752 814 potuit
799 717 973 792 Eversum
999 718 1049 792 est
1074 720 1188 816 igitur-
1202 734 1250 794 to·

192 835 275 897 tum
291 817 363 894 Dei
380 839 483 914 opus.
533 817 671 892 Totum
693 815 878 893 Christiani
893 820 1046 892 nominis
1067 819 1249 912 &pondus

187 917 410 1013 renuam,
435 935 532 992 mors
548 916 677 990 Christi
692 931 864 1014 negatur,
891 936 992 1008 quarn
1010 932 1082 992 tarn
1097 913 1250 1014 impresse

192 1019 395 1116 Apostolus
421 1014 628 1109 demendae,
659 1017 784 1109 utique
807 1031 950 1111 veram,
984 1016 1154 1092 sumnum
1182 1041 1250 1092 ean

191 1119 465 1203 {munnam
480 1113 665 1214 Evangelii
681 1115 922 1209 constituens,
950 1115 1114 1191 &salutis
1129 1118 1250 1192 nostre

116 1221 118 1226 ’
190 1220 233 1294 a&
252 1214 512 1314 predicationis
530 1209 611 1290 suae.
662 1213 809 1289 Tradidi
830 1217 952 1309 enirn,
984 1217 1124 1309 inquit,
1150 1219 1251 1290 vobit

191 1319 235 1392 in
256 1315 401 1410 prinis,
442 1313 541 1408 quod
565 1311 721 1390 Chrishrs
744 1327 912 1388 moturus
938 1317 981 1390 sit
1002 1335 1071 1412 pro
1100 1317 1252 1410 peccatis

81 1413 83 1418 ’
191 1415 356 1508 nostris,
389 1413 425 1488 dr
460 1414 559 1506 quod
585 1409 740 1508 sepultus
772 1415 840 1507 sit,
875 1415 1031 1507 &quod
1065 1413 1255 1490 resurrexit

191 1517 304 1590 tertia
328 1511 396 1590 die.
446 1511 586 1606 Ροπο,
611 1515 747 1588 sicam
775 1513 850 1606 ejus
875 1527 1045 1611 negatur,
1070 1515 1254 1607 quomodo

189 1636 294 1692 ruore
311 1609 638 1708 ejuaaffeveratua
668 1631 747 1706 que
765 1615 913 1707 propria
929 1617 1040 1686 camis
1058 1614 1109 1686 est
1124 1612 1255 1706 paffioa

189 1735 261 1812 per
274 1712 430 1792 mort'ern
444 1711 664 1786 devertentis
680 1713 717 1786 in
731 1727 883 1806 terram,
910 1711 955 1786 de
972 1712 1106 1806 quaest
1123 1713 1257 1808 sumpta

172 1811 388 1888 seeundum
411 1816 526 1908 legem
549 1811 599 1886 sui
620 1810 783 1886 autoris?
825 1811 966 1910 Negata
991 1831 1080 1886 vero
1109 1829 1256 1904 morte,

187 1913 281 1987 drnn
305 1920 391 1984 caro
421 1926 606 2009 negatus
629 1933 699 1985 nec
721 1911 765 1985 de
785 1907 1044 1986 resurreetione
1067 1911 1257 1988 constabit

192 2007 331 2087 Eadem
358 2012 451 2090 onim
473 2014 613 2084 ratione
633 2033 710 2084 non
732 2006 954 2106 resurrexit,
995 2031 1064 2104 qua
1091 2029 1257 2086 morture

186 2129 273 2185 -non
305 2108 379 2203 est,
415 2131 492 2184 non
518 2109 682 2185 habendo
707 2107 926 2184 substantiam
961 2109 1094 2184 scilieet
1118 2116 1259 2204 carine,

195 2210 298 2302 cujus
317 2210 409 2283 sicut
429 2209 467 2283 δι
486 2231 604 2300 mors,
616 2245 618 2252 v
630 2209 732 2282 ita-dt
751 2207 960 2282 resurredtio
987 2209 1048 2284 est.
1100 2209 1261 2286 Proinde

188 2308 453 2384 resurreetione
470 2307 596 2382 Christi
610 2305 808 2403 infirmata,
834 2311 940 2382 etiarn
956 2309 1074 2384 nostra
1093 2307 1264 2385 subversa

196 2407 259 2484 est.
308 2403 392 2482 Nee
418 2429 461 2482 ea
484 2407 578 2480 enim
597 2407 763 2501 valebit,
797 2424 949 2502 propter
972 2428 1074 2500 quam
1098 2403 1263 2486 Christus

195 2507 322 2598 venit,
355 2505 382 2580 fi
407 2506 561 2581 Ciuishrs
583 2525 660 2578 non
678 2507 824 2580 vaiebit.
874 2507 970 2580 Nam
989 2507 1079 2582 sicut
1096 2509 1178 2603 illi,
1208 2511 1261 2602 qui

195 2605 363 2680 dicebant
374 2603 665 2683 resurrediionem
678 2620 904 2680 mortuorum
920 2624 997 2680 non
1018 2605 1109 2699 esse,
1139 2613 1262 2684 revin

196 2715 326 2778 cuntur
348 2707 393 2779 ab
411 2702 593 2796 Apostolo
618 2727 664 2777 ex
683 2703 939 2780 resurretiione
957 2704 1107 2783 Christi:
1137 2711 1199 2782 ita
1216 2731 1263 2784 re

195 2797 411 2877 surredtione
427 2801 554 2875 Christi
569 2803 647 2876 non
662 2805 896 2898 consistente,
922 2803 1082 2894 aufertur
1107 2805 1146 2879 ἂ
1169 2829 1264 2884 mor·

157 2908 166 2921 “
184 2916 341 2979 tuorum
355 2897 575 2978 resurreffio.
625 2901 749 2996 Atque
767 2905 817 2976 ita
836 2905 948 2978 inanis
967 2903 1020 2978 est
1035 2905 1070 2978 δι
1087 2903 1191 2982 tides
1206 2931 1265 2984 no

42 3059 43 3062 ,
183 3001 287 3094 istra,
312 3003 423 3074 inanis
447 3001 497 3075 est
512 3003 718 3099 predicatio
741 3001 1011 3098 Apostolorum.
1061 3003 1265 3082 Inveniun-

194 3114 254 3174 tur
272 3113 391 3179 autern
411 3102 616 3180 edwfaisr
638 3101 744 3177 testes
767 3103 862 3195 Dei,
898 3103 995 3196 quod
1012 3102 1265 3182 testinnonium

193 3199 375 3294 dixerint,
412 3199 506 3293 quafi
531 3199 791 3274 resuscitaverit
817 3201 1012 3296 Christum,
1050 3223 1166 3294 quem
1194 3229 1265 3282 noa

192 3297 425 3380 resuscitavit.
473 3297 524 3374 Et
539 3299 659 3376 umus
683 3301 797 3374 adhuc
813 3304 848 3374 in
867 3302 1011 3377 delitiis.
1061 3301 1113 3378 Et
1139 3311 1265 3400 quiin

194 3395 336 3472 Christo
351 3398 591 3493 dormierunt,
610 3403 812 3496 perierunt,
838 3401 1191 3503 unereirneuurt,
1212 3406 1265 3484 sed

191 3495 433 3589 phantasinate
447 3498 615 3592 forsitan,
642 3499 729 3574 ficut
743 3501 776 3576 dt
790 3500 958 3583 Christus.

266 3619 301 3691 9.
326 3596 370 3670 In
389 3596 453 3670 ista
471 3597 685 3695 questione,
722 3603 780 3696 qui
805 3601 987 3701 putaveris
1009 3608 1264 3701 opponendos

192 3689 262 3768 esse
282 3697 390 3772 nobis
412 3699 556 3796 angelos
581 3703 776 3799 creatoris,
803 3704 894 3797 quati
917 3705 1018 3778 &ilii
1032 3706 1069 3778 in
1091 3703 1265 3797 phaetas

501 3851 507 3862 ·
620 3849 631 3870 ·
1083 3818 1256 3900 mate‚.
