2582 4322
194 201 450 304 oneratur
475 223 806 308 Marcionem.
834 225 1009 310 LrnII.
1059 248 1132 332 355

62 387 125 469 eia
142 387 355 484 reprobetis.
416 385 545 490 Nolite
571 387 831 484 reprehendere
855 389 1034 486 jndicem,
1071 393 1132 476 sed

62 492 244 564 revincite
262 491 389 566 malum
404 489 570 584 judicem.
620 487 922 584 Namdcpatrum
941 489 1066 566 delicta
1086 487 1131 572 de
1177 497 1186 517 ⁴

60 585 147 664 filiis
166 587 352 686 exigebat:
379 587 507 663 duritia
521 589 647 682 populi
667 589 752 665 talia
772 589 927 664 remedia
947 593 1131 686 compule-

58 705 148 782 rat,
173 705 214 760 ut
233 691 294 762 vel
312 687 578 782 posteritatibus
604 683 671 760 suis
700 687 955 782 prospicientes
979 693 1051 788 legi
1077 691 1127 766 di·

56 790 160 860 -vinaa
174 789 375 862 obedirent
426 787 517 886 Quia
537 785 630 860 enim
643 807 719 862 non
739 789 845 885 magis
862 783 1020 866 xfiliorum
1038 787 1127 868 salu·

59 899 159 980 tem,
186 908 289 979 quarn
306 881 399 959 suant
420 883 552 960 curet?
584 883 654 959 Sed
671 885 705 960 dt
723 885 748 960 fi
763 887 964 962 benedictio
985 906 1127 984 patrum

58 985 185 1060 semini
210 1005 356 1080 quoque
383 1005 509 1060 eorum
534 982 793 1079 destinabatur,
829 987 899 1062 fine
915 989 990 1062 ullo
1009 989 1125 1068 adhuc

57 1087 194 1162 merito
213 1083 312 1178 ejus,
340 1081 683 1158 comendaremus
706 1099 845 1179 patrum
862 1087 897 1160 in
917 1083 1012 1162 filios
1035 1097 1128 1184 quo·¹

55 1205 134 1278 que
151 1181 396 1258 redundaret?
420 1183 520 1256 Sicut
535 1184 666 1282 gratia,
692 1185 742 1258 ita
763 1183 797 1258 dt
820 1183 975 1269 offensa:
1000 1201 1042 1262 ut
1057 1207 1128 1282 per,

46 1295 183 1356 ¹totum
208 1303 316 1378 genus
344 1282 512 1380 &gratia
533 1283 760 1378 decurreret,
788 1283 993 1380 &offensa,
1018 1283 1121 1380 salvo

54 1403 109 1456 eo
124 1381 223 1474 quod
238 1381 359 1476 postca
375 1383 515 1458 decerni
535 1383 699 1478 habebat,
723 1407 798 1458 non
810 1385 970 1460 didturos
986 1385 1123 1464 acidam
1140 1419 1147 1437 =

47 1496 169 1554 uvam
195 1495 312 1576 patres
334 1481 580 1576 manducaffe,
618 1477 826 1556 &filiorum
850 1483 975 1560 dentes
1002 1483 1122 1560 obstu-

54 1577 192 1678 puiffet
228 1580 264 1654 id
283 1581 333 1654 est
351 1603 426 1654 non
448 1581 664 1676 sumpturum
691 1595 828 1674 patrem
847 1579 1010 1660 delictum
1034 1579 1127 1701 filii,

53 1701 128 1757 nec
148 1676 259 1753 filiurn
281 1679 444 1753 delittum
468 1681 599 1778 patris,
622 1675 682 1754 sed
704 1699 985 1776 unumquemque
1003 1679 1121 1760 dedeo

52 1777 107 1856 sni
125 1799 227 1851 reum
246 1777 427 1852 futurum:
466 1793 507 1850 ut
526 1775 608 1873 post
624 1777 787 1852 duritiam
807 1778 955 1874 popuii,
990 1781 1120 1859 duritia

52 1879 146 1975 legis
169 1867 348 1970 edomita,
379 1875 511 1971 justitia
529 1877 691 1970 jamnon
712 1899 842 1974 genus,
873 1875 931 1953 sed
949 1875 1118 1976 personat

49 1977 252 2072 judicaret:
276 1997 471 2069 quanquam
490 1976 515 2050 st
536 1975 766 2072 Evangelium
784 1978 944 2052 veritatis
964 1981 1116 2074 accipias

54 2076 100 2150 ad
117 2097 211 2172 quos
227 2077 406 2172 pertineat
423 2071 595 2150 sententia
607 2073 786 2150 reddentis
806 2077 841 2157 in
858 2073 951 2150 filios
974 2093 1117 2172 patrum

53 2173 200 2260 delidta,
227 2173 444 2272 cognosces,
470 2176 513 2248 ad
537 2175 618 2248 illos
643 2173 797 2268 scilicet,
823 2177 883 2268 qui
905 2175 997 2252 hanc
1015 2179 1116 2276 iutro

53 2273 117 2350 nbi
136 2271 345 2348 sententiam
361 2273 503 2348 fuerant
518 2275 592 2350 irro
617 2277 727 2366 aturi,
753 2272 886 2370 sanguis
902 2275 995 2351 illius
1011 2273 1114 2370 super

55 2373 174 2468 capita
189 2373 308 2447 nostra
322 2373 356 2446 u
370 2369 526 2449 filiorum
541 2393 590 2444 no
641 2391 755 2448 orum.
806 2371 891 2446 Hoc
904 2373 1023 2468 itaque
1036 2364 1126 2450 'om-¹

1 2499 2 2506 ¹
54 2473 109 2546 nis
130 2472 360 2569 providentia
376 2471 446 2544 Dei
462 2467 617 2564 censuit,
643 2471 826 2564 quodiam
846 2473 1015 2548 audierat.

95 2617 101 2629 ·
131 2575 188 2646 16.
211 2570 314 2646 Bona
323 2573 437 2669 igitur
456 2569 489 2644 dr
505 2565 698 2663 severitas,
720 2572 804 2661 quia
815 2567 928 2666 jnsta,
953 2567 1114 2646 sibonut

1 2697 2 2704 ¹
50 2670 184 2764 judex,
217 2671 253 2744 id
280 2671 330 2748 est
352 2669 473 2764 justus.
526 2669 615 2742 Item
640 2685 766 2742 caetera
789 2670 908 2762 bona,
942 2689 1008 2764 per
1036 2689 1114 2762 quae
1265 2761 1270 2768 Ι

54 2789 149 2864 opus
174 2771 310 2844 bonum
329 2771 441 2843 currit
464 2769 570 2862 bona
593 2765 917 2862 severitatis,.s1ve
939 2767 1019 2864 ira,
1036 2767 1113 2845 sive

1 2893 2 2904 ¹
52 2869 252 2964 aemulatio,
278 2871 353 2944 sive
369 2865 510 2946 saevitia.
551 2867 682 2942 Debita
697 2869 788 2942 enirn
805 2869 924 2940 omnia
936 2867 1013 2944 haec
1023 2863 1112 2942 'sunt

1 2977 2 3022 ³
50 2965 257 3062 severitati,
281 2969 370 3044 ficut
384 2965 550 3044 severitas
573 2967 730 3042 debiturn
751 2964 801 3039 cst
820 2963 971 3058 Justttiae.
1020 2965 1112 3042 Virr-
1239 2995 1257 3016 ψ

1 3109 2 3124 ι
50 3065 203 3142 dicanda
223 3061 503 3162 erit‘procacitas
524 3067 635 3140 aetatis
661 3065 911 3140 verecundiam
935 3062 1110 3142 debentia.

50 3163 175 3262 Atque
190 3166 241 3240 ita
252 3185 327 3240 non
341 3181 513 3262 poterunt
525 3167 635 3260 judici
656 3164 885 3260 exprobrari,
912 3185 988 3260 quae
997 3161 1112 3259 judici

50 3265 247 3360 accedunt,
274 3271 427 3342 carentia
449 3267 483 3341 u
505 3264 575 3361 ipsa
599 3267 702 3358 culpa
731 3263 819 3337 sicut
838 3264 959 3356 judex.
1011 3259 1110 3367 Quid

51 3366 169 3462 eninr,
205 3363 425 3445 fimedicum
448 3365 589 3460 quidem
613 3365 706 3440 dicas
733 3361 802 3436 effe
823 3363 975 3455 debere,
1000 3360 1109 3436 ferra·

50 3477 170 3538 menta
192 3485 287 3540 ,vero
311 3465 386 3560 ejus
407 3463 567 3560 accuser,
598 3465 696 3560 quod
713 3461 831 3536 secent
851 3463 885 3537 ἃ
908 3464 1051 3536 inurant
1074 3459 1110 3533 dc

50 3577 255 3660 amputent,
282 3563 317 3640 δι
340 3563 591 3655 constrictent3
631 3563 772 3658 quando
802 3561 874 3638 fine
901 3559 1108 3636 instrumen-

0 3700 1 3707 κ
50 3669 92 3734 to
120 3665 205 3738 artic
227 3664 385 3740 medicus
413 3663 481 3740 effe
507 3685 583 3740 non
606 3661 740 3760 possit?
774 3659 843 3736 Sed
867 3657 989 3734 accusa
1015 3661 1108 3734 male

50 3755 254 3856 secantem,
285 3765 489 3860 importune
513 3775 775 3859 amputantem,
809 3773 945 3834 temere
967 3757 1109 3834 intren-

1 3857 2 3868 '
52 3867 278 3968 ttm„atque
300 3857 358 3962 ita‘
373 3861 584 4038 ferrament}
605 3883 749 3956 quoque
777 3857 851 3951 eius
875 3873 916 3934 ut
915 3861 1034 4038 ἄψ.
1046 3859 1109 3932 mi·

606 3985 627 4039 2
985 3977 1058 4032 ena
