2612 4328
27 297 30 310 Ι
146 199 223 278 314
300 138 1095 294 (μω.ΕιοκΤιιιτυιιιὶΛκγ

145 336 498 436 torepiomittidii,
530 341 751 420 manifestam
773 346 846 438 jain
865 343 1027 420 fraudem
1041 341 1229 422 Marcion
1290 365 1292 382 ¹

148 445 284 539 patitur
314 445 358 516 ab
387 443 460 535 eis,
497 444 558 535 qui
580 446 672 525 duos
700 423 801 518 ilium
821 443 926 520 Deos
950 441 1084 522 inferre
1098 440 1226 542 praesu·

74 611 77 627 .
148 555 278 636 munt,
304 563 387 616 cum
402 563 541 618 novem
561 543 705 639 affignet
724 545 812 618 licet
832 543 1005 624 nesciens.

228 647 284 720 16.
324 643 417 718 Non
444 657 676 740 comparente
702 643 811 741 igitur
835 645 971 720 mundo
997 643 1097 738 alio,
1134 647 1228 724 sicut

79 747 83 768 '
149 765 219 822 nec
242 742 329 816 Dco
357 744 455 840 ejus,
488 742 711 837 consequens
736 743 807 839 est,
834 757 877 820 ut
896 745 982 820 duas
1009 743 1145 838 species
1171 767 1227 821 re·

15 909 20 920 .
149 867 250 937 rum,
275 843 427 928 visibilia
448 843 685 922 &invisibilia
703 845 845 920 duobus
863 846 1050 918 autoribus
1067 845 1159 924 Deis
1175 847 1229 920 di·

148 945 300 1036 vidant,
338 945 373 1016 dr
395 946 445 1017 ita
466 943 531 1020 suo
554 945 641 1018 Deo
666 945 853 1023 invisibilia
873 945 1079 1020 defendant.
1104 987 1107 994 ·
1131 949 1228 1048 Quis

34 1073 38 1082 ·
148 1058 271 1123 uitem
285 1045 425 1138 poterit
435 1045 607 1118 inducere
621 1046 658 1118 in
674 1045 847 1140 animum,
880 1045 943 1121 nisi
961 1045 1101 1142 spiritus
1116 1047 1230 1124 liare·

149 1147 271 1237 ricus,
300 1145 376 1237 ejus
394 1143 464 1219 elle
483 1143 691 1237 invisibilia,
731 1147 791 1237 qui
814 1145 903 1220 nihil
930 1145 1067 1220 visibile
1088 1149 1228 1240 praemi·

148 1244 256 1338 serit,
282 1267 388 1336 quani
404 1245 504 1339 ejus,
530 1246 590 1336 qui
609 1245 758 1318 visibilia
775 1259 968 1338 operatus,
994 1241 1227 1324 invisibilium

149 1365 296 1438 quoque
313 1342 422 1418 fidem
444 1343 590 1422 fecerit:
622 1365 705 1418 cum
721 1343 846 1438 jidlius
865 1348 982 1424 multo
999 1345 1064 1438 sit,
1102 1344 1226 1439 aliqui·

148 1447 217 1520 bus
246 1445 469 1538 exemplariis
494 1465 674 1538 annuere,
709 1465 814 1537 quam
836 1445 968 1520 nullis?
1009 1446 1225 1522 Videbimus

108 1633 111 1640 ῃ
149 1547 185 1618 da
200 1542 404 1638 Apostolus
423 1545 482 1617 cui
500 1547 619 1620 autori
631 1545 820 1620 invisibilia
836 1545 1007 1639 deputet,
1024 1567 1118 1623 cum
1133 1546 1169 1620 de
1184 1549 1225 1622 il·

146 1647 223 1723 luni
238 1645 560 1740 exploraverimus.
610 1645 721 1720 Nunc
738 1645 834 1722 enim
847 1647 1095 1720 communibus
1113 1648 1228 1740 pluri-

70 1833 72 1838 ,
145 1751 246 1837 inum
261 1743 439 1840 sensibus,
464 1745 885 1844 &argumentationibus
901 1743 1021 1840 iustis,
1041 1745 1226 1822 ¹secuturae

145 1845 399 1942 scripnasium
430 1865 576 1940 quoque
603 1846 842 1924 advocationi
870 1843 977 1922 fidem
1011 1843 1226 1941 sternimus,

145 1943 403 2020 confirmantes
424 1945 664 2022 diversitatem
684 1947 776 2022 hanc
800 1945 988 2030 visibilium
1013 1945 1225 2022 &invisibi-

144 2047 233 2122 lium
251 2045 342 2120 adeo
360 2045 517 2118 creatori
541 2045 803 2142 deputandam,
827 2047 930 2122 sicuti
946 2059 1026 2120 tota
1051 2047 1223 2139 operatio

146 2147 222 2239 ejus
242 2165 288 2218 ex
307 2143 568 2222 diversitatibus
585 2147 746 2242 constat,
773 2169 819 2222 ex
839 2145 1088 2240 corporalibus
1112 2147 1146 2226 δι
1168 2151 1223 2220 in·

122 2247 423 2338 corporalibus,
448 2265 494 2320 cx
513 2247 777 2335 animalibus&
792 2247 1057 2340 inanimalibus,
1085 2267 1131 2320 ex
1152 2269 1222 2319 vo-

144 2346 281 2420 calibus
308 2345 343 2416 dc
356 2345 492 2440 mutis,
527 2367 573 2424 ex
588 2347 785 2421 mobilibus
806 2346 841 2420 u
862 2345 1021 2440 stativis,
1049 2367 1095 2420 ex
1123 2349 1221 2443 geni·

143 2443 329 2520 talibus&
349 2443 547 2540 sterilibus,
574 2467 620 2520 ex
645 2446 747 2520 aridis
777 2443 1003 2539 &succidis,
1030 2467 1075 2520 ex
1096 2443 1222 2520 calidis

144 2545 181 2619 dc
198 2545 346 2642 frigidis.
394 2545 455 2620 Sic
470 2545 506 2620 di
521 2547 704 2622 hominem
714 2545 826 2642 ipsum
840 2545 1025 2622 diverfitas
1043 2560 1225 2640 tempera..

144 2646 228 2739 vit,
262 2659 338 2721 tain
361 2648 577 2741 incorpore
598 2669 702 2743 quani
724 2647 761 2720 in
784 2643 895 2724 sensu.
953 2645 1036 2720 Alia
1058 2645 1221 2722 membra

142 2742 268 2836 fortia,
293 2746 362 2822 alia
376 2745 531 2822 infirma:
557 2747 624 2822 alia
642 2745 810 2839 honesta,
837 2747 903 2822 alia
919 2745 1123 2824 inhonesta:
1152 2747 1221 2822 alia

142 2845 303 2944 gentina,
324 2847 392 2920 alia
407 2847 533 2920 unica:
557 2847 623 2920 alia
641 2847 840 2940 comparia,
863 2847 931 2920 alia
945 2844 1102 2940 disparia.
1128 2843 1221 2920 Pro-

141 2944 283 3020 iride&
305 2946 342 3018 in
368 2943 468 3022 sensu
488 2964 584 3022 nunc
609 2947 755 3039 letitia,
790 2967 887 3020 nunc
911 2947 1090 3026 anxietas:
1117 2967 1219 3018 nunc

143 3064 270 3140 amor,
296 3066 394 3118 nunc
416 3045 558 3120 odium:
583 3067 679 3120 nunc
700 3047 774 3139 iia,
799 3067 897 3120 nunc
911 3047 1050 3120 lenitas.
1094 3043 1220 3146 Quod

141 3146 236 3220 siita
258 3142 333 3238 est,
369 3159 413 3219 ut
435 3147 561 3223 aemula
581 3147 675 3218 inter
699 3145 733 3220 se
757 3147 976 3220 conditionis
1003 3145 1218 3220 universitas

140 3243 207 3318 ista
230 3245 416 3321 modulata
438 3246 506 3339 fit,
538 3248 610 3342 jam
629 3247 737 3341 igitur
760 3246 796 3320 da
815 3245 1009 3324 visibilibus
1026 3245 1218 3320 invisibilia

143 3347 344 3439 debentur,
367 3364 444 3418 non
468 3347 569 3419 alteri
586 3345 703 3420 autori
722 3345 946 3438 deputanda,
974 3367 1077 3438 quam
1098 3346 1156 3416 cui
1180 3345 1218 3420 de

142 3447 269 3518 aemula
286 3465 438 3536 eorum,
464 3445 574 3540 ipsum
597 3457 798 3520 creatorem
820 3445 999 3520 diversum
1023 3446 1214 3537 notantia,

136 3545 352 3638 jubentem,
380 3563 457 3635 quae
473 3543 680 3642 prohibuit,
708 3543 1030 3642 &prohibentem
1057 3562 1134 3637 quac
1145 3543 1217 3636 jus-

139 3643 207 3732 fit3
232 3644 498 3739 percutientem
517 3643 551 3716 a
571 3640 761 3720 sanantem.
780 3659 785 3677 ¹
814 3645 888 3718 Cur
905 3647 943 3719 in
961 3645 1028 3718 liae
1049 3642 1124 3718 sola
1139 3641 1216 3740 spe-

140 3743 198 3814 cie
219 3741 436 3820 uniformem
467 3762 549 3820 eum
573 3745 738 3842 capiunt,
770 3745 959 3822 visibilium
984 3743 1215 3818 solummodo

100 3883 106 3904 i
142 3841 400 3953 conditorem,
431 3863 540 3942 quem
564 3843 719 3941 proinde
746 3843 964 3924 credendum
988 3843 1052 3941 sit,
1077 3843 1215 4016 gilvis·

194 3963 200 3996 ¹·
318 3996 325 4013 .
1104 3965 1164 4016 iia
