2616 4336
157 221 236 306 ,144
311 199 360 298 Q.
386 187 689 274 Scenstort
720 191 1083 277 Trarotm'nur

110 386 112 392 ’
160 353 347 457 superficie
370 359 542 434 voeabrdi
562 357 735 432 infamant
756 359 958 434 veritatem.
1010 361 1246 439 Nonstatim

160 461 266 556 timt,
291 460 353 556 qpi
370 459 555 532 dicuntur:
580 453 640 531 sed
655 459 824 550 quianon
839 459 939 554 sunt,
962 459 1091 535 frustra
1110 458 1247 536 dieun-

161 577 241 656 tur,
268 560 302 633 dt
322 559 450 634 fallunt
464 579 528 630 eos
548 559 699 650 quirem
715 559 853 632 nomini
870 559 1061 653 addicunt,
1088 579 1171 634 curn
1189 565 1253 637 de·

160 677 202 736 re
217 661 325 734 statiis
344 658 500 732 nominis
520 669 715 751 competat.
774 657 824 732 Et
840 671 959 734 tamen
979 659 1151 754 ejusmodi
1171 682 1245 736 ne·

59 769 69 778 ’
89 780 100 793 ·
161 781 231 855 que
251 769 497 856 congregant,
531 776 649 849 neque
663 759 882 854 ¹participant
902 759 1114 854 nobiscum,
1148 757 1243 836 fatu

66 880 69 887 “
160 881 226 958 per
246 859 372 935 delitta
390 859 510 931 denuo
532 857 657 935 vestri:
684 859 827 950 qtundo
848 881 895 933 ne
913 860 981 932 iilis
1007 861 1150 953 quidem
1167 864 1280 942 mik..

50 1002 58 1029 2
159 961 337 1053 sceamur,
365 977 457 1050 quos
478 957 597 1032 vestra
614 959 670 1031 vis
689 971 796 1051 atque
814 958 948 1032 saevitia
966 961 1011 1034 ad
1028 961 1240 1056 negandum

142 1042 308 1156 *sitbegit
361 1058 499 1150 Utique
514 1058 609 1132 enim
629 1057 767 1132 facilius
788 1061 881 1132 inter
904 1081 972 1133 nos
990 1061 1096 1134 inviti
1116 1059 1238 1134 deser-

159 1175 261 1236 tores
303 1154 521 1252 discipline,
557 1173 665 1250 qoam
706 1160 904 1238 voluntarii
942 1159 1235 1236 continerentur.

102 1294 106 1302 ·
159 1260 331 1334 Ceterum
346 1258 418 1332 fine
432 1257 546 1333 caussh
562 1253 704 1330 vocatis
720 1257 958 1355 Christianos,
984 1269 1076 1352 quos
1094 1261 1157 1356 ipsi
1169 1281 1235 1334 ne·

61 1403 65 1416 .
156 1376 245 1460 gant
267 1357 483 1450 Christiani,
524 1356 634 1449 quise
652 1354 782 1456 negate
802 1375 879 1432 uon
899 1375 1046 1435 norunt.
1113 1408 1120 1420 ·

232 1462 267 1534 6.
294 1459 360 1533 His
377 1457 685 1552 propositionibus
706 1457 1060 1552 responsionibusque
1077 1453 1232 1554 nostriS,

159 1581 246 1658 quas
267 1559 403 1632 veritas
426 1557 470 1630 de
493 1556 556 1630 suo
578 1553 759 1654 suggerit,
787 1561 956 1651 quotiens
980 1562 1231 1654 comprimitur

158 1663 194 1736 dt
208 1671 392 1734 coartatur
405 1655 624 1731 conscientia
637 1658 775 1754 uestra,
801 1659 918 1732 tacite
932 1659 1142 1755 ignorantie
1159 1659 1231 1733 sure

156 1761 282 1854 testis,
316 1757 511 1855 confugitis
528 1755 710 1832 aestuantes
738 1757 780 1832 ad
802 1761 932 1834 arulam
955 1761 1164 1853 quamdam,
1191 1761 1232 1834 id

61 1939 63 1946 ,
156 1861 230 1956 est,
258 1861 378 1956 legum
399 1857 657 1932 auctoritatem.
719 1857 831 1960 Quod
851 1859 975 1951 utique
996 1881 1074 1932 non
1095 1859 1229 1954 preate-

155 1977 239 2034 rent
256 1957 382 2032 sestam
396 1957 519 2052 istam,
544 1957 608 2031 nisi
622 1958 667 2030 de
680 1958 815 2032 meritis
833 1959 926 2051 apud
937 1959 1155 2034 conditores
1177 1962 1229 2035 le·

156 2081 241 2158 gum
258 2053 479 2130 constitisset.
533 2055 632 2158 Quid
654 2079 740 2153 ergo
763 2057 949 2151 prohibuit
969 2060 1062 2154 apud
1083 2058 1229 2134 exsecu-

84 2187 87 2196 ·
146 2155 257 2234 ‘tores
271 2156 421 2250 'quoque
442 2157 560 2251 legum
576 2157 730 2252 proinde
752 2153 943 2254 constare,
968 2180 1050 2235 curn
1065 2161 1110 2234 de
1127 2173 1228 2235 cete·
1269 2154 1279 2185 ²

155 2261 205 2334 ris
231 2255 535 2348 criminibusque
559 2257 715 2330 similiter
740 2259 874 2353 legibus
903 2267 1069 2334 arcentur
1093 2281 1135 2333 ac
1160 2257 1249 2354 puls

155 2363 326 2450 niuntur,
361 2358 421 2430 nisi
444 2355 541 2450 prius
566 2357 792 2449 requiratur,
824 2379 929 2450 poena
950 2359 1086 2454 cessat,
1120 2363 1226 2434 verbi

154 2461 289 2561 gratia,
322 2455 559 2548 homicidam,
591 2455 790 2537 adulterum
821 2457 937 2554 lege,
958 2459 1143 2532 discutitur
1172 2473 1228 2536 ta-

153 2584 238 2638 men
258 2560 302 2634 de
319 2550 448 2630 ordine
465 2554 617 2646 admiffi:
644 2554 815 2630 &tamen
834 2561 1018 2653 cognitum
1038 2559 1089 2632 est
1111 2565 1232 2635 omnis

154 2663 353 2756 borgenne
369 2653 463 2730 facti.
516 2653 749 2728 Christianum
768 2657 921 2748 puniunt
937 2659 1046 2754 leges.
1073 2661 1098 2734 fi
1124 2661 1226 2752 quod

142 2761 208 2842 *est
230 2757 362 2832 fartum
379 2751 590 2848 Christiani,
616 2756 692 2828 erui
714 2753 832 2830 debet.
852 2758 956 2854 ‚nulia
972 2762 1032 2831 lex
1052 2759 1232 2854 prohibet.

152 2859 346 2954 inquirere.
382 2852 521 2946 Atquin
534 2873 602 2948 pro
622 2855 757 2948 legibus
776 2857 863 2928 facit
877 2857 1068 2950 inquisitio.
1120 2862 1224 2960 Quo-

115 3036 120 3044 ,
151 2960 267 3037 modo
300 2955 395 3032 enim
423 2953 539 3050 legem
569 2951 780 3026 observabis
815 2959 982 3032 cavendo
1015 2959 1114 3054 quod
1142 2963 1224 3056 iege

94 3121 99 3129 .
152 3059 391 3157 prohibetur,
432 3053 596 3147 adempte
616 3053 796 3150 diligentia
819 3058 1000 3152 cavendi,
1035 3077 1101 3152 per
1127 3057 1224 3134 dese-

127 3227 131 3235 .
153 3161 248 3236 &um
265 3153 478 3255 agnoscendi
492 3153 578 3246 quid
596 3151 777 3230 observes.
830 3154 943 3230 Nulla
956 3150 1017 3232 srbi
1035 3161 1096 3232 lex
1111 3159 1223 3234 debet

142 3257 408 3335 conscientiam
422 3253 563 3347 justitiae
577 3253 668 3348 suae,
694 3252 753 3328 sed
770 3255 820 3328 eis
836 3257 997 3350 aquibus
1018 3271 1139 3352 captat
1154 3261 1221 3334 ob·

100 3349 104 3362 '
152 3360 321 3454 sequium.
371 3353 541 3427 Ceterum
557 3350 710 3446 suspecta
725 3355 786 3426 lex
796 3354 866 3448 est,
894 3357 919 3430 sr
934 3357 1079 3450 probari
1093 3358 1127 3432 se
1142 3379 1221 3434 non

148 3463 245 3534 vult.
294 3455 433 3529 Merito
450 3455 557 3549 igitur
570 3453 703 3528 tamdiu
715 3453 815 3547 juste
832 3457 869 3527 in
886 3451 1106 3531 Christianos
1121 3457 1222 3533 &re-

151 3555 369 3656 verendaedt
395 3552 626 3626 observandae
651 3551 862 3648 censentur,
888 3559 1055 3648 quamdiu
1079 3559 1219 3653 ignora·

53 3743 57 3756 ι
152 3669 213 3732 tur
229 3657 327 3750 quod
343 3653 620 3748 persequuntur:
644 3655 798 3746 merito,
824 3655 905 3747 post
923 3659 1144 3754 agnitionem
1155 3658 1219 3730 ini·

152 3757 317 3852 quiffimae
339 3763 514 3846 repertae,
549 3773 630 3826 curn
648 3747 715 3824 suis
732 3755 913 3828 machaeris
935 3757 969 3828 u
990 3756 1156 3850 patibulis
1183 3758 1218 3830 dt

153 3853 319 3958 leonibus
334 3851 576 3950 despuuntur:
609 3853 699 3958 legis
713 3852 848 3948 briustae
871 3857 995 3934 honor
1013 3853 1216 4028 nulluffist.
