2582 4322
160 121 234 210 με
306 107 674 218 ᾳειντῐιοι.
697 105 1071 190 'turonum
1116 115 1119 126 '
1164 205 1169 218 Ι

143 299 151 324 ·
238 295 295 350 22.
330 266 451 348 Habes
481 267 517 344 dt
548 269 809 366 Apostolorum
841 289 934 363 opus
971 269 1219 366 predictum,

160 375 282 476 Quam
320 369 522 464 tempestivi
560 367 670 466 pedes
711 369 1028 464 evangelizantium
1066 391 1220 463 pacem,

160 471 481 568 evangelizantium
500 471 621 561 bona,
651 467 870 544 nonbeilum
885 469 1103 544 necmalum.
1151 467 1219 544 Rc-

46 582 51 598 ’
160 565 305 670 spondit
326 567 550 646 &Psalmusz
584 567 627 642 In
649 583 796 642 omnem
814 583 945 642 terram
969 567 1082 642 exivit
1114 563 1220 642 sonus

160 689 312 762 eorum,
338 667 373 742 dr
391 669 429 742 in
446 667 616 742 terminos
635 680 739 742 terrae
760 687 874 742 voces
893 679 1042 760 eorum,
1076 667 1224 740 circum·

161 769 354 850 serentium
379 765 514 842 scilieet
537 769 652 860 legem
675 787 720 839 ex
743 763 832 842 Sion
848 765 1061 864 profectam,
1095 765 1130 840 dr
1154 763 1222 840 ser·

159 889 307 960 monem
330 865 464 942 domini
488 887 534 940 ex
561 857 803 954 Hierusalem,
835 879 877 940 ut
898 861 1003 938 fieret
1025 864 1121 957 quod
1141 863 1222 938 scri·

159 980 263 1068 ptum
288 965 356 1042 est:
382 965 510 1060 Longe
542 967 672 1058 quique
703 987 724 1038 a
752 961 882 1058 justitia
906 985 1009 1057 mea,
1035 963 1222 1060 appropin-

160 1081 365 1162 quaverunt
377 1063 518 1158 justitiae
533 1085 620 1138 meae
636 1065 670 1136 dr
689 1063 843 1140 veritati.
894 1061 985 1138 Cum
1008 1061 1090 1138 huic
1112 1083 1222 1158 nego·

158 1167 217 1242 tio
239 1165 509 1262 accingerentur
537 1161 730 1256 Apostoli,
755 1163 1059 1236 renunciaverunt
1078 1163 1224 1258 presby·
1247 1245 1253 1262 ,

159 1265 272 1356 teris,
304 1263 338 1337 u
372 1261 627 1354 archontibus,
668 1257 973 1337 &sacerdotibus
1008 1261 1225 1358 Judaeorum.

159 1359 224 1445 An
238 1383 316 1438 non
332 1361 394 1436 vel
408 1362 585 1454 maxime,
607 1361 742 1454 inquit,
767 1374 809 1434 ut
823 1359 1047 1436 alteriusDei
1062 1359 1226 1454 praedica·

159 1459 288 1536 tores?
314 1460 454 1556 Atquin
477 1459 580 1554 ipslus
599 1461 781 1558 ejusdem,
806 1455 906 1551 cujus
923 1457 1129 1556 scripturam
1145 1479 1226 1544 curn

137 1561 313 1643 ‘maxime
340 1561 556 1652 impiabant,
600 1559 789 1653 divertite,
833 1559 1021 1653 (divertite,
1061 1559 1227 1642 inclamat

130 1654 136 1663 “
160 1642 305 1754 Esaias,
331 1659 495 1732 excedite
513 1659 631 1750 illinc,
659 1657 930 1734 &immundum
946 1681 993 1734 ne
1016 1657 1227 1756 attigeritis,

161 1755 417 1854 blasphemiam
432 1755 566 1832 scilicet
579 1760 616 1834 in
627 1755 810 1836 Christum.
860 1757 1035 1834 Excedite
1052 1757 1226 1836 demedio

161 1857 264 1952 ejus,
290 1856 416 1948 urique
433 1853 640 1951 synagogam
667 1855 894 1948 separamini,
921 1859 979 1950 qui
999 1855 1135 1932 domini
1146 1855 1228 1938 vasa

160 1954 331 2056 portatis.
363 1953 439 2047 ,Iam
450 1953 544 2028 enim
556 1953 747 2030 secundum
760 1956 859 2048 supra
869 1953 1228 2052 scriptarevelaverat

162 2051 331 2154 deminus
349 2051 496 2132 brachio
514 2051 769 2146 mosandrum,
795 2051 892 2158 idest
905 2055 1041 2128 virtute
1056 2053 1115 2130 sua
1129 2055 1227 2132 Chri.

161 2149 256 2244 sirmi
274 2167 398 2228 coram
421 2153 648 2246 nationibus,
679 2167 722 2230 ut
744 2153 902 2228 viderint
921 2151 1095 2229 universae
1113 2153 1228 2230 natio·

162 2271 230 2330 uer
250 2249 285 2328 dt
306 2245 438 2328 summa
455 2265 558 2326 terrae
580 2249 745 2344 salutem,
777 2273 855 2348 quae
872 2266 950 2330 erat
974 2275 995 2328 a
1015 2251 1115 2332 Deo.
1171 2251 1228 2330 Sic

164 2349 202 2430 δι
228 2351 272 2426 ab
300 2347 377 2444 ipso
402 2347 580 2445 Judaismo
605 2349 845 2446 divertentes,
881 2375 961 2433 cum
982 2353 1071 2449 legis
1096 2353 1228 2450 obliga·

163 2462 288 2544 menta
311 2447 346 2524 dr
371 2469 484 2524 onera
508 2453 715 2547 evangelica
732 2451 803 2542 jam
834 2453 1007 2528 libertate
1028 2463 1229 2554 mutarent,

164 2545 336 2644 psalmum
368 2547 669 2644 exsequebantur,
701 2549 964 2644 Disrumpamus
997 2551 1141 2628 vincula
1168 2571 1231 2625 eo·

164 2666 274 2738 pum,
298 2645 547 2740 &abjiciamus
567 2651 704 2726 anobis
720 2647 842 2748 jugum
853 2671 996 2726 corum:
1021 2649 1145 2744 postea
1158 2671 1231 2724 cer·

166 2755 206 2818 te
227 2763 332 2840 quarn
352 2749 574 2822 tumultuatae
594 2747 673 2824 sunt
694 2763 846 2846 gentes,
872 2748 1049 2846 &popuii
1071 2749 1231 2824 meditati

166 2837 249 2936 fiunt
262 2841 402 2938 inania,
427 2843 613 2922 astiterunt
627 2867 727 2946 reges
744 2861 869 2941 terrae,
895 2847 1125 2943 &principes
1146 2871 1232 2924 com

31 2943 36 2954 '
168 2943 304 3039 gregati
329 2939 408 3016 sunt
423 2943 460 3020 in
479 2965 610 3039 unum,
636 2946 801 3023 adversus
815 2947 999 3024 dominum
1014 2945 1048 3020 dt
1064 2943 1232 3030 aduersus

155 3039 346 3118 'Christum
385 3045 471 3136 ejus.
523 3047 614 3148 Quae
646 3045 774 3124 dehinc
814 3047 894 3143 paffi
924 3045 1004 3122 sunt
1034 3043 1232 3151 Apostoli?

170 3135 348 3238 Omnem,
381 3143 516 3238 inquis,
553 3145 773 3240 iniquitatem
792 3143 1079 3241 persecutionum
1100 3145 1144 3221 ab
1167 3147 1233 3222 bo·
1274 3159 1276 3166 “

167 3237 322 3323 minibus
344 3241 480 3320 scilicet
496 3247 692 3338 creatoris,
728 3259 771 3322 ut
792 3243 979 3322 adversarii
1003 3247 1101 3338 ejus,
1126 3265 1233 3336 quem

244 3339 427 3418 dicabant:
453 3343 582 3434 ecquid
596 3357 752 3438 creator,
775 3343 1031 3422 sradversarius
1044 3355 1120 3416 erat
1133 3339 1232 3418 Chri·

168 3359 339 3533 ffinon
355 3443 468 3516 modo
481 3443 649 3538 predicat
662 3443 736 3518 hoc
752 3439 911 3536 passtuos
923 3439 1124 3540 Apostolos
1141 3441 1231 3537 eius,

171 3555 300 3626 venun
320 3537 354 3612 dt
376 3541 601 3638 exprobrat?
625 3541 720 3618 Nam
734 3563 851 3636 nequa
867 3541 1073 3638 praedicaret
1087 3535 1232 3624 alterius

169 3625 244 3708 Dei
265 3637 447 3734 ordinem,
473 3659 577 3734 quern
590 3641 801 3735 ignorabat,
824 3641 1014 3738 ocvuldss
1037 3659 1157 3734 neque
1174 3655 1235 3712 ex»

169 3729 396 3834 monerer,
433 3739 534 3836 quod
555 3737 631 3842 ipse
656 3737 818 3820 uuasset.
883 3739 1026 3820 Videte.
1046 3737 1233 3852 quomodo

1093 3851 1189 3940 pent
