2616 4336
327 193 392 250 nn
417 167 703 288 Narron'ra.
741 173 844 266 Lra.
870 169 905 252 1:
1055 139 1056 144 Ν
1084 195 1156 274 145

11 365 14 418 ι
73 333 134 410 Ut
152 335 286 430 opinor
305 333 425 414 autem
439 333 634 432 dubitatur
658 327 913 430 de'iniquitate
930 339 1049 432 legum
1073 355 1158 434 qua·

11 487 15 504 .
75 436 263 530 rumdam,
289 457 371 510 cum
389 435 550 530 quotidie
565 437 674 510 novis
695 435 865 510 consultis
879 436 1158 532 constitutisque

11 565 14 618 ι
76 535 225 610 duritias
239 537 487 629 nequitiasque
503 553 623 610 earum
641 537 861 630 temperetis.

11 683 15 702 .
150 633 260 708 Unde
282 655 392 732 erpo,
418 635 594 729 inquitis,
621 649 761 712 tentum
786 635 831 710 de
856 631 965 708 uobis
990 629 1092 710 samar
1114 633 1157 710 li-

11 737 15 816 Ι
75 735 174 828 cuit,
201 731 301 828 cujus
321 735 563 810 testimonium
585 733 767 810 suffecerit
785 729 934 810 forsitan
957 736 1157 809 conditori·

11 857 15 902 r
75 833 142 916 bus
161 833 313 932 legum?
348 833 440 936 Quis
466 853 560 924 oro,
590 831 739 928 sponsor
762 851 824 914 aut
847 833 916 908 illis
940 849 1060 930 tunc,
1094 846 1158 912 aut

11 959 13 1018 ι
76 931 205 1008 exinde
229 931 360 1028 vobis,
385 931 430 1008 de
457 927 563 1007 fider
594 929 780 1012 Famaest
832 931 970 1008 Nonne
990 931 1154 1010 haecest:
1260 1013 1263 1018 ,

11 1039 14 1104 i
70 1033 187 1126 sama,
216 1035 355 1118 malum,
381 1057 441 1128 quo
467 1055 534 1104 non
556 1031 644 1106 aliud
671 1033 804 1122 uelocius
831 1037 952 1104 ullum?
986 1032 1059 1104 Cur
1082 1055 1155 1108 ma-

11 1201 12 1216 Ν
72 1131 175 1225 ittm,
207 1131 342 1206 sivera
365 1127 502 1227 semper
521 1133 585 1226 sit,
616 1155 694 1208 non
717 1131 926 1208 mendacior
940 1131 1154 1226 plurimum3

11 1283 13 1300 ,
100 1253 156 1304 uae
171 1253 216 1304 ne
233 1244 310 1308 tum
325 1231 469 1324 quidem
485 1251 566 1306 cum
588 1253 677 1306 vera
695 1232 835 1328 defert,
862 1255 881 1306 a
895 1231 1042 1306 libidine
1058 1253 1157 1306 men·

76 1251 169 1415 dacii
186 1327 313 1424 cessat,
338 1343 381 1403 ut
394 1350 471 1404 non
484 1325 567 1406 salsa
580 1333 677 1406 veris
693 1333 852 1426 intexat,
880 1329 1066 1426 adjiciens,
1094 1331 1156 1422 de·

80 1430 250 1528 trahens,
274 1431 451 1504 varietate
468 1429 704 1507 confundens.
743 1431 870 1532 Quid?
898 1430 996 1524 quod
1010 1453 1052 1504 ea
1066 1451 1155 1504 con·

75 1527 167 1604 ditio
186 1529 257 1623 iili,
282 1541 417 1604 utnon
432 1529 597 1606 nisrcum
614 1531 788 1606 mentitur
806 1529 1039 1626 perseveret:
1065 1541 1155 1606 tam·

11 1663 13 1710 ε
76 1627 138 1702 diu
159 1627 253 1702 enim
274 1629 395 1721 vivit,
430 1629 598 1722 quamdiu
620 1651 696 1703 non
726 1629 860 1726 probat
884 1631 1101 1722 quicquam3
1126 1629 1157 1706 sr

11 1761 12 1814 3
77 1727 221 1820 quidem
245 1727 447 1824 approbata
472 1725 586 1824 cadit,
624 1725 658 1802 dr
690 1729 784 1824 quasi
819 1727 940 1803 officio
965 1727 1155 1802 nuntiandi

11 1889 12 1900 o
32 1917 35 1924 ‚
77 1825 200 1900 funera
218 1825 383 1916 decedit;
398 1825 559 1922 caindo,
584 1847 641 1901 res
661 1841 829 1922 tenetur,
855 1848 913 1902 res
928 1823 1154 1904 nominatur:
1236 1862 1239 1868 ·

11 1965 12 2010 ,
77 1945 147 2000 nec
169 1925 354 2020 quisquam
375 1923 482 2022 dicit,
516 1927 620 2000 verbi
641 1929 772 2024 gratia:
804 1923 878 2002 hoc
900 1921 1032 2001 Romae·
1053 1927 1154 2018 ajunt

11 2027 14 2112 ‘p
70 2013 229 2108 neum:
262 2037 349 2120 aut,
380 2021 488 2102 Fama
512 2022 563 2102 est
588 2025 689 2122 dium
715 2029 941 2122 provinciam
964 2021 1153 2102 sortitum:

11 2127 12 2204 ς
76 2123 157 2218 sed,
182 2125 248 2200 lile
263 2125 489 2218 provinciam
502 2123 647 2200 sortitus
666 2125 742 2202 est:
775 2128 832 2220 dt,
859 2131 933 2202 hoc
951 2123 1082 2200 fanum
1100 2123 1154 2208 ost

11 2245 15 2320 ¹,
76 2214 213 2302 Romae.
264 2221 386 2298 Nemo
409 2221 541 2300 famam
561 2223 745 2322 nominat,
770 2225 833 2300 nisi
853 2229 1042 2318 incertus,
1069 2223 1154 2316 quia
1267 2206 1271 2236 '

11 2339 13 2420 ι
76 2343 185 2398 nemo
200 2323 243 2400 srt
259 2320 377 2418 ¹fama,
403 2319 464 2398 sed
481 2321 724 2420 conscientia,
753 2339 893 2399 certus:
918 2345 1027 2398 nemo
1048 2319 1153 2398 samae

79 2423 220 2518 credit,
246 2421 309 2498 nisi
328 2421 475 2518 stultus,
505 2425 585 2518 quia
606 2419 739 2516 sapiens
762 2447 838 2498 non
858 2423 972 2497 credit
993 2425 1151 2502 incerto.

75 2513 205 2616 Fama,
232 2533 516 2616 quantacumque
541 2521 737 2598 ambitione
760 2519 884 2598 diffusa
903 2515 976 2618 est,
1004 2521 1048 2594 ab
1071 2539 1149 2592 uno

77 2617 267 2714 aliquando
287 2641 353 2696 ore
371 2637 502 2695 exorta
518 2623 560 2696 sit
574 2620 713 2696 necesse
728 2619 801 2716 est,
829 2621 957 2696 exinde
977 2617 1014 2694 in
1031 2619 1151 2696 tradu-¹

78 2739 137 2792 ces
155 2721 424 2814 quodammodo
442 2719 641 2818 linguarum
659 2719 694 2795 dc
710 2719 846 2796 aurium
864 2715 992 2816 serpit,
1019 2717 1053 2794 dt
1073 2740 1152 2796 mo·

77 2817 197 2894 dicum
222 2821 400 2918 originum
420 2821 551 2895 vitium
571 2839 734 2896 rumores
763 2819 947 2896 obscurat:
980 2835 1022 2893 ut
1039 2839 1152 2896 nemo

11 2957 14 3024 ι
76 2921 280 3018 recogitet,
321 2941 369 2994 ne
390 2923 541 3016 primum
565 2919 652 2995 illud
680 2941 722 2994 os
749 2923 936 2997 mendacia
956 2913 1151 2994 seminave-

11 3035 22 3108 31
77 3016 145 3112 rit,
174 3019 275 3112 quod
291 3014 382 3114 saepe
400 3016 442 3092 fit
458 3033 521 3094 aut
539 3023 774 3096 aemulationis
795 3020 967 3118 ingenio,
1002 3033 1064 3092 aut
1083 3013 1151 3090 sus·

11 3163 14 3220 t
39 3204 48 3213 ι
76 3116 231 3210 picionis
248 3113 421 3214 arbitri0,
448 3135 510 3192 aut
527 3117 634 3196 etiam
650 3143 751 3198 nova
766 3114 962 3194 mentiendi
983 3119 1151 3210 volupta-

11 3291 13 3308 ,
41 3234 44 3242 ·
76 3225 126 3292 te.
179 3211 251 3292 Sed
272 3219 398 3312 bene,
431 3219 530 3310 quod
556 3218 676 3294 omnia
694 3235 835 3314 tempus
853 3217 1021 3312 revelat,
1055 3213 1150 3288 testi·

11 3369 14 3426 ,
78 3313 143 3390 bur
163 3309 347 3391 sententiis
369 3317 623 3410 &proverbiis
644 3317 802 3412 vestris,
836 3309 978 3414 ipsaque
998 3322 1150 3409 natura,

11 3457 16 3542 p
80 3433 155 3504 quae
174 3413 226 3490 ita
242 3417 408 3492 ordinata
424 3415 504 3512 est,
530 3435 572 3492 ut
593 3417 681 3494 nihil
698 3417 826 3513 lateat,
854 3419 960 3514 etiam
979 3409 1080 3506 quod
1099 3413 1151 3488 fa·

11 3549 16 3624 ,
79 3529 225 3590 menon
240 3513 410 3612 prodidit.
461 3513 596 3592 Videte
611 3517 751 3612 qualem
767 3513 964 3613 prodiciam
981 3507 1149 3592 adversus

11 3627 17 3722 ‘p
80 3625 147 3685 nos
180 3609 420 3712 subornastis,
456 3617 538 3710 quia
562 3617 662 3712 quod
686 3609 790 3694 semei
817 3611 947 3692 detulit
971 3624 1150 3704 tantoque

11 3755 17 3822 Ι
81 3719 243 3808 tempore
262 3717 306 3790 ad
327 3709 435 3792 fidem
453 3714 713 3792 corroboravit
762 3707 871 3810 usque
890 3711 1006 3788 adhuc
1019 3715 1150 3808 proba-

11 3869 15 3926 ᾖ
82 3819 119 3882 re
134 3833 210 3888 non
231 3815 364 3910 pontit
415 3807 579 3914 Principe
600 3763 765 3916 Augusto
781 3835 919 3894 nomen
934 3815 1009 3892 boc
1028 3823 1151 3896 ortum

133 3905 268 3997 Tmua·
296 3907 431 4004 de,
617 3929 621 3935 Ι
700 3906 737 3996 K
772 3997 774 4000 ,
1026 3911 1097 3991 esu
