2616 4336
107 195 110 204 ’
155 219 227 304 rso
296 207 345 309 Q.
371 203 507 282 sorr.
530 198 678 281 Fron.
702 199 1073 280 Terruerunt

154 373 244 463 tuli,
277 369 466 442 inventum
491 365 638 458 alicuius
664 367 970 460 interpretationis
1000 365 1233 462 impegerint·-

154 471 235 544 sint
247 491 343 542 nunc
361 467 464 560 primi
477 465 657 562 Phryges,
683 485 760 539 non
775 481 896 540 tamen
908 466 1006 538 tertii
1023 465 1233 560 Christiani,

115 602 117 614 ·
156 583 296 664 quante
315 569 409 640 enim
430 567 503 638 aliae
526 567 684 661 gentium
710 565 813 640 series
833 565 914 660 post
931 564 1117 660 Phrygas?
1150 567 1236 640 Ve-

153 689 235 744 rum
254 669 474 762 recogitate,
500 687 546 738 ne
564 687 655 758 quos
671 667 818 742 tertium
839 687 949 763 genus
967 665 1106 759 dicitis,
1131 667 1236 762 prin-

155 771 271 862 cipem
288 769 412 840 locum
439 768 630 858 obtineat,
666 763 835 858 siquidem
855 787 932 840 non
953 766 1025 838 ulla
1041 785 1128 862 gens
1149 785 1235 841 non

156 868 376 952 Christiana3
403 866 524 958 itaque
546 885 765 960 qnaecunque
783 887 868 962 gens
887 867 1025 960 prima,
1050 865 1236 940 nihilomi-

154 981 224 1048 nus
246 965 451 1039 Christiana.
502 965 666 1040 Ridicula
688 966 886 1059 dementia,
912 965 1120 1038 novillimos
1142 965 1236 1039 dici·

156 1070 232 1161 tis,
266 1065 450 1139 &tertios
472 1065 676 1142 nominatis.
704 1126 706 1134 .
728 1065 798 1138 Sed
820 1066 864 1138 de
891 1062 1139 1158 superstitione
1157 1081 1236 1138 ter-

155 1167 246 1241 tium
263 1189 374 1262 genus
402 1166 635 1257 deputamur,
664 1165 800 1240 nonde
817 1166 982 1258 ratione,
1006 1177 1050 1237 ut
1064 1163 1133 1238 fint
1154 1164 1237 1238 Ro·

116 1276 122 1290 '
154 1267 274 1358 mani,
301 1265 423 1360 Judee,
437 1265 581 1338 dehinc
602 1263 799 1338 Christiani.
852 1265 924 1336 Ubi
944 1275 1063 1338 autem
1084 1263 1237 1342 Greci?

155 1367 222 1440 vel
260 1367 283 1438 sr
317 1361 354 1437 in
380 1364 633 1441 ,Romanorum
673 1361 979 1456 superstitionibus
1023 1363 1237 1460 censentur,

158 1463 450 1558 quandoquidem
471 1465 577 1538 etiam
596 1464 685 1538 deos
706 1464 853 1538 Graecire
865 1463 983 1540 Roma
1001 1461 1236 1558 sollicitavit,

156 1565 220 1641 ubi
240 1563 362 1637 saltem
385 1561 584 1658 Aegyptii,
612 1563 758 1658 oripi,
793 1563 890 1660 quod
918 1561 1047 1654 sciam,
1081 1563 1237 1656 privatae

158 1661 382 1756 curioseque
403 1665 597 1760 religionis.
648 1664 786 1758 Porro,
812 1665 837 1736 s1
858 1675 930 1738 tam
944 1661 1158 1738 monstnrosr
1171 1663 1245 1758 qui·

156 1764 257 1839 tertii
283 1765 378 1858 loci,
406 1765 527 1856 quales
553 1764 735 1858 habendi,
763 1764 823 1859 qui
855 1765 973 1864 primo
1007 1761 1236 1858 &secundo

159 1863 391 1941 antecedunt.
997 1911 1004 1928 ,

236 1987 271 2062 9.
298 1963 369 2035 Sed
387 1963 469 2058 quid
493 1985 562 2058 ego
582 1965 689 2038 mirer
709 1983 802 2038 vana
820 1961 959 2056 vestra,
994 1980 1075 2038 cunr
1091 1985 1139 2036 ex
1158 1959 1238 2036 for-

157 2080 217 2143 ma
236 2065 387 2136 naturali
403 2077 670 2157 concorporata
687 2063 720 2136 ἀ
738 2077 909 2138 concreta
927 2063 1120 2151 interceffit
1136 2063 1239 2138 mali·

158 2163 210 2235 tia
238 2161 272 2234 or
297 2161 465 2253 stultitia,
501 2161 563 2236 snb
590 2159 718 2238 eodem
743 2165 906 2256 mancipe
933 2163 1093 2242 erroris?
1118 2162 1239 2259 Sane,

156 2263 243 2356 'quia
268 2283 344 2334 non
369 2264 501 2354 miror,
534 2285 737 2338 enumerem
762 2262 900 2338 necelle
927 2263 998 2356 est,
1025 2263 1060 2336 δι
1084 2283 1156 2336 vos
1181 2283 1239 2338 re-

132 2445 135 2454 ,
157 2359 418 2459 τοςῃοΐοεηάο
439 2364 611 2440 miremini
627 2366 662 2436 in
680 2374 845 2454 quantam
861 2362 1042 2438 stultitiam
1057 2363 1238 2458 incidatis,

157 2461 224 2556 'qui
244 2463 360 2536 omnis
378 2462 485 2558 eladis
501 2463 652 2562 publicae
673 2464 734 2538 vel
757 2463 891 2556 injuriae
916 2483 987 2537 nos
1013 2454 1145 2536 cauffas
1165 2459 1242 2538 ell'e
1262 2499 1266 2508 ·

157 2563 297 2652 vultis3
324 2559 805 2658 fi'l'iberisnedundaverit,
838 2563 862 2636 li
882 2563 987 2638 Nilus
1010 2583 1087 2638 non
1106 2561 1240 2637 redun-

158 2661 283 2754 davit,
308 2661 477 2738 ficoelum
502 2661 617 2754 stetit,
655 2665 796 2737 iterra
817 2663 957 2756 movit,
1082 2663 1241 2738 tivava-

156 2757 282 2854 stavit,
299 2760 436 2844 lifamis
455 2761 593 2856 afflixit,
606 2759 894 2840 statimomnium
911 2783 1004 2856 vox,
1024 2761 1169 2840 Christi.
1183 2819 1192 2836 .
1207 2820 1240 2839 ..

156 2871 251 2942 tum.
321 2859 429 2964 Qualr
453 2861 636 2936 modicum
662 2863 816 2935 habeant
841 2875 902 2934 aut
926 2861 1021 2959 allud
1051 2865 1239 2938 metuere!

93 3017 97 3024 .
157 2957 264 3058 'Quid
280 2957 387 3058 igitur
401 2957 425 3034 2·
452 2958 620 3054 Opinor,
644 2974 686 3034 ut
706 2973 978 3055 contemptores
999 2961 1150 3036 deorum
1175 2983 1241 3036 ve·

156 3057 320 3135 'strorum
348 3058 423 3132 haec
443 3061 560 3154 jacula
589 3081 717 3135 eorum
744 3081 1000 3156 provocamus.
1054 3059 1109 3136 Ut
1135 3059 1242 3155 snpra

158 3156 337 3234 'edidimus
353 3159 465 3232 aetatis
485 3159 614 3234 nostroe
629 3161 789 3237 nondum
804 3163 884 3236 anni
905 3163 1071 3254 trecenti,
1099 3177 1241 3256 quante

165 3257 283 3333 clades
296 3271 378 3332 ante
397 3259 432 3332 id
447 3261 594 3353 spatium
617 3259 719 3355 supra
740 3259 947 3336 universum
964 3261 1092 3336 orbem
1113 3261 1157 3334 ad
1174 3262 1239 3336 lin·

163 3359 263 3455 gulas
274 3359 380 3432 urbes
396 3359 652 3456 &provincias
668 3360 901 3436 ceciderunt?
921 3377 1052 3454 quanta
1063 3363 1160 3436 bella
1179 3383 1240 3434 err-

155 3457 513 3534 ‘nernallrintestinai
538 3473 628 3553 quot
642 3461 779 3554 pestes,
799 3459 931 3554 fomes,
952 3463 1072 3556 ignes,
1098 3461 1240 3555 hiatus,

163 3553 355 3650 motusque
366 3571 543 3632 terrarum
558 3557 712 3634 seculum
726 3559 882 3656 digellit?
899 3561 961 3634 ubi
971 3571 1060 3632 tunc
1074 3555 1241 3634 Christia-

164 3655 218 3746 ni,
237 3677 317 3730 cum
328 3677 385 3730 res
396 3657 559 3732 Romana
571 3671 631 3731 tot
646 3659 807 3733 historiar
824 3661 987 3734 laborum
1003 3657 1148 3732 suorum
1163 3657 1241 3738 sub·

155 3751 412 3830 ministravit?
443 3757 506 3830 ubi
529 3769 616 3828 tunc
643 3755 857 3856 Christiani,
884 3781 964 3832 cum
987 3759 1241 3854 Hierennape‚

167 3847 203 3926 δι
222 3850 410 3949 Delphos,
445 3855 479 3933 δι
496 3852 678 3954 Rhodos,
704 3857 738 3932 δι
756 3857 864 3934 Creta
882 3855 1002 3936 mnne
1017 3859 1243 4038 mulffilhcum
