2612 4328
75 174 78 179 ·
137 179 211 256 ¹32
314 145 1040 258 Q.sm.rtonrmum1m

138 319 268 418 quibus
289 315 388 392 abest
416 314 637 392 conscientia
660 337 758 392 verae
784 311 983 412 pudicitie:
1017 313 1109 408 quit,
1127 311 1228 390 nihil

135 439 269 497 verum
283 419 321 490 in
339 419 414 512 his,
448 439 525 512 quae
548 417 653 490 deum
670 415 833 490 nesciunt
857 414 1037 508 prtesrdem
1058 413 1229 511 &mgi-

135 515 250 602 strum
268 517 443 594 veritatis.
496 515 592 591 Nam
614 513 759 610 &siqua
776 517 814 588 in
829 514 1022 611 gentilibus
1045 513 1230 608 pudicitia

137 617 240 695 credi
258 615 398 714 potest,
430 612 540 708 usque
561 617 654 692 adeo
675 639 753 690 eam
770 613 1011 712 imperfectam
1033 613 1067 687 dt
1091 616 1231 688 incon·
1267 671 1268 706 ἰ

137 719 252 794 ditam
267 720 420 812 constat,
445 717 532 792 licet
547 715 674 792 'animo
687 718 905 808 aliquatenus
919 729 1029 788 tenax
1047 711 1098 788 sui
1114 727 1229 810 agate
1267 725 1269 808 ᾗ

136 817 179 896 in
195 817 337 892 habitus
353 831 475 892 tamen
490 817 634 892 licentia
651 795 721 892 sese
738 813 904 890 dillolvat
918 827 1070 910 propter
1087 817 1230 907 vetita·
1268 844 1270 926 ᾗ

50 985 53 992 .
138 927 218 994 tem
233 917 443 1014 gentilium,
478 916 642 992 solatium
659 915 864 1010 appetendo
883 915 982 1010 cujus
1003 915 1055 990 rei
1080 915 1231 988 devitat
1269 927 1271 1000 ‘f

140 1016 323 1093 effetum.
376 1019 504 1118 Quota
521 1017 674 1108 denique
694 1017 765 1109 est,
792 1037 869 1108 quae
885 1035 955 1090 nec
980 1015 1121 1106 placete
1147 1013 1230 1106 qui·

68 1137 72 1154 ¹
141 1115 226 1194 dem
239 1115 419 1192 extraneis
432 1113 675 1210 concupiscat,
688 1137 765 1211 que
779 1135 856 1188 non
870 1115 960 1188 velit
970 1115 1106 1188 idcirco
1118 1113 1154 1188 se
1164 1135 1231 1188 ex·
1265 1172 1270 1181 .

140 1219 314 1316 pingere,
335 1229 377 1290 ut
391 1231 500 1314 neget
514 1216 723 1310 appetitum
775 1217 988 1318 Quanquam
1005 1213 1126 1288 &hoc
1140 1235 1231 1311 gen·
1273 1279 1274 1290 .

140 1319 199 1392 tili
217 1315 396 1410 pudicitie
410 1315 583 1393 familiare
597 1313 662 1406 fit,
687 1335 763 1389 non
779 1315 997 1408 delinquere.
1048 1315 1231 1390 Attamen

138 1417 265 1510 velle,
292 1415 476 1492 ueletiam
493 1415 617 1508 nolle,
654 1427 810 1490 attamen
827 1436 905 1488 non
926 1415 1123 1510 denegare,
1162 1415 1230 1488 rni-

138 1507 245 1591 ntmi
270 1515 353 1608 quia
366 1513 535 1608 perversa
549 1513 629 1590 sunt
645 1515 789 1610 omnia,
813 1537 891 1608 quae
909 1537 930 1588 a
946 1513 1016 1587 deo
1032 1533 1109 1588 non
1131 1506 1230 1590 sunt.

138 1609 307 1690 Videant
331 1614 464 1712 igitur,
498 1637 575 1710 quae
598 1629 718 1690 totum
740 1611 879 1689 bonum
900 1635 977 1688 non
998 1613 1230 1709 obtinendo,

142 1707 252 1792 facile
270 1714 306 1789 dt
322 1715 423 1808 quod
442 1717 611 1791 obtinent
630 1717 727 1790 malo
746 1712 970 1810 permiscent.
1025 1717 1106 1787 Vos
1125 1715 1170 1788 ab
1188 1715 1232 1788 il·

143 1812 214 1909 lis,
241 1825 283 1887 ut
296 1815 332 1890 in
355 1817 507 1908 ceteris.
532 1814 665 1890 incessu
690 1837 836 1907 quoque
860 1815 1052 1889 devertere
1073 1811 1231 1888 necessa·

142 1915 239 1990 rium
254 1913 325 1990 est:
351 1917 518 2008 quoniam
538 1915 705 2012 perfecte
728 1915 798 1990 csse
812 1915 977 2009 debetis,
1011 1913 1101 1991 licut
1121 1929 1230 2008 patet

127 2011 267 2089 vester
284 2014 344 2106 qui
364 2013 415 2086 est
427 2013 463 2086 in
484 2016 596 2090 coelin.
628 2058 631 2067 ·

178 2159 183 2167 ·
225 2133 257 2188 2.
282 2111 452 2187 Perfecto
474 2127 624 2210 nutem,
658 2115 696 2190 id
713 2113 765 2190 est
781 2115 986 2190 Christiane
1006 2113 1145 2214 pudice
1169 2135 1233 2213 tp·

144 2213 365 2311 petitionem
386 2209 434 2287 sui
448 2233 527 2287 non
543 2229 684 2290 tantum
695 2238 772 2318 non
787 2217 1038 2312 appetendam,
1050 2213 1109 2289 sed
1121 2219 1232 2292 etiam

148 2311 387 2388 execrandam
406 2315 514 2388 vobis
532 2311 669 2390 scians:
703 2317 840 2410 primo,
869 2317 968 2408 quod
984 2337 1060 2389 non
1078 2315 1122 2388 de
1138 2316 1233 2391 inte·

146 2431 215 2510 gra
236 2409 455 2488 conscientia
471 2418 576 2488 venit
593 2417 746 2492 studium
765 2417 929 2509 placendi
946 2435 1011 2510 per
1030 2415 1202 2490 decorem

148 2531 257 2605 quem
283 2513 492 2592 neutraliter
521 2515 755 2590 invitatorem
778 2516 933 2590 hbldtnn
957 2516 1108 2614 scimus,
1144 2467 1233 2608 quid

147 2611 260 2708 igitur
278 2613 317 2686 in
337 2627 376 2686 te
394 2614 529 2688 excitas
542 2617 672 2692 malum
688 2615 811 2700 istudi
838 2617 921 2710 quid
937 2617 1093 2707 invitas,
1127 2617 1233 2708 cujus

147 2721 190 2784 te
205 2707 388 2804 profiteris
406 2715 640 2790 extraneam?
660 2729 735 2790 tum
746 2717 844 2808 quod
858 2717 1123 2792 tentationibus
1133 2719 1235 2792 viam

150 2810 293 2906 operite
308 2831 385 2885 non
409 2811 601 2908 debemus,
628 2835 705 2908 qnae
725 2837 995 2908 nonnumquam
1006 2814 1125 2912 (quod
1144 2817 1235 2890 deut

41 2973 44 2987 .
125 2937 128 2946 ¹
152 2929 177 2983 ι
199 2905 267 2983 suis
289 2909 427 3010 abigat)
451 2912 616 2988 instando
640 2911 857 3010 perficiunt,
894 2931 994 2990 certe
1017 2917 1085 2988 vel.
1108 2915 1236 3009 spiritu

150 3005 355 3086 scandalum
395 3029 598 3092 ermovent.
642 3015 826 3090 Debemus
844 3015 985 3108 quidem
1002 3017 1051 3088 ita
1066 3013 1181 3090 sancte
1198 3015 1236 3090 dt

151 3117 238 3182 tote
255 3105 339 3184 fidei
356 3033 546 3186 &stantia
569 3113 761 3210 incedere,
794 3129 837 3190 ut
862 3113 1080 3190 confeffae&
1102 3113 1235 3190 securae

151 3207 259 3286 nnus
276 3207 326 3284 de
345 3209 566 3289 conscientia
588 3213 733 3309 nostra,
755 3217 939 3314 ‘optantes
956 3213 1184 3314 perseverare
1196 3215 1237 3290 id

151 3303 193 3384 ln
209 3307 343 3404 nobis,
367 3330 446 3385 non
462 3323 582 3390 tumen
598 3311 818 3410 presumere.
870 3308 990 3410 Nam,
1027 3318 1086 3408 qui
1106 3313 1236 3408 prnsu-

152 3407 244 3503 rust,
269 3409 386 3484 minue
407 3425 579 3509 veretur,
605 3415 720 3490 minus
739 3429 936 3518 precavet,
961 3417 1041 3510 plus
1056 3417 1237 3510 periclita-

153 3517 228 3582 tut.
279 3505 434 3615 Timor,
456 3509 728 3588 fundamentum
744 3511 863 3590 salutis
879 3515 955 3607 est3
982 3514 1235 3613 presumptio,

43 3707 46 3716 Ι
98 3627 102 3638 ’
154 3599 451 3700 impedimentum
481 3612 634 3689 timoris.
685 3613 819 3688 Utilius
850 3634 963 3714 ergo,
997 3615 1023 3689 st
1053 3611 1236 3709 speremus

155 3701 600 3890 tuttttttu
624 3707 1165 3896 ..mmm

522 3861 538 3915 ‚
574 3831 692 3894 taven
810 3835 850 3892 vr
962 3835 1025 3896 ut:
1058 3831 1191 3890 contm
1264 3825 1272 3837 '

1002 3915 1187 4017 presuma-
