2572 4332
220 3 243 63 b

107 155 509 236 Arottooarrcua
533 105 795 232 nutritus
818 163 1023 236 esbus.
1076 161 1124 251 87

2 407 4 420 ‚
44 338 202 396 omnem
223 317 307 394 hinc
329 313 534 392 sacramenti
557 313 670 390 nostri
694 315 859 390 ordinem
883 313 1044 410 haurite,
1067 335 1125 392 ro

1 436 6 460 ·
46 410 223 516 perculis
239 429 322 488 ante
338 433 456 490 tamen
472 415 703 511 opinionibus
720 414 824 492 saliis.
1096 449 1099 456 ·
1256 501 1262 512 ,

1 509 6 600 f
133 515 378 592 16.'Namut
403 515 563 611 quidam,
597 513 791 590 somniastis
816 523 925 610 caput
954 513 1128 594 asininum
1228 567 1256 600 -,

1 631 4 718 ξ
50 614 126 694 etta
144 615 251 690 deum
270 613 451 709 nostrum,
475 616 567 690 hanc
586 613 776 690 Cornelius
793 612 943 690 Tacitus
959 611 1135 708 suspicias
1143 637 1166 672 a·
1216 574 1249 650 Ψ

2 731 3 756 ³
47 712 322 812 nemejusmodi
334 711 491 792 inseruit.
541 714 574 788 ls
589 715 681 792 enirn
696 715 734 790 in
748 715 876 808 quinto
888 713 1128 792 Historiarum

47 814 198 892 suarum
220 813 354 892 bellum
368 813 553 912 Judaicum
579 814 725 890 exorsus
750 815 796 888 ab
822 815 962 912 origine
983 813 1126 912 gentis,

48 915 167 994 etiam
193 913 238 988 de
258 911 330 1028 ipsa
347 928 419 990 tarn
437 915 605 1030 origine,
637 935 741 1006 quam
764 912 810 988 de
823 916 971 990 nornine
991 913 1026 988 dc
1044 914 1129 990 ralis

2 1127 3 1130 ψ
48 1017 875 1226 isletttistlsllsffllis‘lt:
895 1013 1129 1208 aliast

50 1211 168 1290 vastts
184 1211 325 1287 matra
339 1215 429 1288 locis
445 1234 613 1310 aquarum
625 1213 866 1311 egentissimis,
888 1234 971 1288 cum
988 1211 1043 1288 fiti
1056 1234 1130 1288 ma*

53 1329 293 1406 conarentur,
320 1313 462 1412 onagris
477 1315 539 1407 qui
554 1313 652 1390 sorte
667 1313 711 1388 de
722 1313 823 1408 pasbt
834 1326 965 1408 potum
979 1311 1130 1406 petituri
1251 1368 1256 1381 ,

54 1411 340 1506 aeiiunabantur,
359 1413 554 1507 indicibus,
575 1413 738 1488 sontibus
756 1413 860 1488 usos:
887 1413 1037 1486 obeam
1052 1431 1131 1506 gro

55 1515 149 1588 tiam
163 1512 481 1592 consimilisbestiae
495 1511 718 1608 superficiem
733 1511 963 1588 consecralle.
1003 1510 1131 1603 Atque

55 1613 114 1688 ita
135 1611 240 1706 inde,
267 1615 422 1710 opinor,
446 1611 717 1709 presumptum,
740 1633 811 1688 nos
839 1630 983 1704 quoqne
1003 1624 1046 1684 ut
1070 1610 1090 1704 J
1115 1641 1131 1668 ι

55 1709 174 1790 dalea
196 1713 379 1810 religionis
410 1717 657 1810 propinquos,
690 1714 806 1788 eidem
829 1712 1041 1786 simulachro
1064 1709 1130 1786 inis

55 1811 159 1888 dari.
209 1808 262 1885 At
273 1816 367 1888 enim
383 1814 478 1889 idem
493 1812 682 1889 Cornelius
694 1811 845 1887 Tacitus
860 1811 942 1886 sane
957 1813 1018 1884 ille
1032 1826 1133 1884 mem

59 1910 250 1986 daciorurn
279 1915 566 2007 loquacillimut,
601 1917 639 1988 in
677 1913 802 1992 eadem
834 1911 983 1986 historia
1016 1910 1133 1986 refert

58 2010 205 2086 Cneurn
219 2010 432 2110 Pompeium
451 2035 534 2090 uun
549 2011 770 2091 Hierusalem
789 2010 957 2106 cepisset,
983 2024 1132 2105 propte·

2 2115 3 2158 ³
57 2120 198 2204 reaque
213 2117 385 2208 templum
400 2113 534 2192 adiisset
549 2113 770 2211 speculandis
779 2111 933 2209 Judaicae
947 2110 1132 2206 religionis

2 2211 3 2222 '
61 2211 233 2304 arcanis,
258 2213 395 2288 nullum
407 2215 482 2290 illic
500 2211 668 2309 reperisse
687 2212 944 2288 simulachrum.
995 2207 1046 2282 Et
1063 2207 1134 2282 uti·

3 2315 4 2324 ‘
54 2329 139 2404 que
160 2307 186 2384 li
206 2311 242 2385 id
264 2315 452 2390 colebatur
469 2315 567 2408 quod
592 2315 708 2406 aliqua
725 2309 840 2410 effigie
862 2307 1133 2404 repausantibus

57 2421 152 2504 tut,
186 2409 354 2506 nusquam
369 2413 479 2512 magis
502 2435 608 2508 quarn
624 2415 666 2486 in
688 2411 843 2486 sacrario
864 2409 929 2483 lito
948 2408 1135 2484 exhibere·

59 2521 154 2604 tur,
180 2529 230 2584 eo
241 2515 348 2610 magis
370 2513 452 2608 quia
468 2535 539 2589 nec
551 2512 749 2588 verebatur
769 2524 962 2584 extraneos
978 2507 1134 2582 arbitror

3 2619 4 2626 '
57 2629 281 2703 qumquam
313 2633 407 2689 vana
431 2615 582 2688 udntra.
638 2610 736 2683 Solis
765 2609 861 2684 eninr
891 2605 1134 2684 sacerdotibus

3 2717 4 2722 '
58 2708 166 2784 adire
180 2711 339 2808 licinm,
364 2711 626 2808 &conspectus
645 2709 958 2784 catuorumvelo
971 2703 1134 2804 oppanso

61 2808 359 2889 interdicebatru.
410 2815 494 2888 Vos
514 2828 634 2887 tamon
647 2801 1136 2907 ‚nonnegabitis'ujtunen'tt

61 2909 217 3008 omnia,
251 2913 406 2988 &totos
424 2913 629 2989 cantherios
654 2927 736 2986 etun
751 2907 815 2984 sua
825 2909 1003 3006 dlippona
1022 2907 1095 2979 coli
1110 2925 1137 2978 a

48 3005 191 3086 „vobis
239 3011 327 3088 Hoc
345 3013 493 3088 forsitan
512 3011 804 3111 improbandum,
831 3009 932 3102 quod
947 3008 1043 3081 inter
1063 3002 1136 3078 uul-
1227 3089 1231 3096 ,

61 3123 172 3184 tores
199 3113 358 3190 omniurn
381 3111 583 3210 pecudum,
613 3109 873 3203 bestiarumque
900 3105 1034 3182 asinarii
1058 3117 1136 3178 tan·
1199 3159 1204 3176 .

61 3224 149 3284 mm
166 3209 294 3288 sumata.
353 3213 424 3288 Sed
444 3213 556 3307 &qui
574 3211 690 3286 crucis
710 3229 780 3284 nos
799 3207 986 3304 religiosos
1005 3215 1136 3298 putat,

61 3307 332 3388 consecraretis
351 3311 475 3389 noster
492 3315 570 3390 erit.
621 3307 713 3382 &tm
732 3311 866 3406 lignum
885 3303 1031 3400 aliquod
1054 3319 1138 3396 pro·

63 3409 243 3508 pitiatur,
272 3414 409 3490 viderit
430 3413 598 3506 habitus,
634 3410 719 3483 dum
735 3408 893 3484 materiae
912 3404 1063 3500 qualitas
1080 3419 1138 3479 aa·
1215 3443 1220 3456 ·

64 3509 227 3604 Μῦες
254 3513 386 3588 viderit
400 3511 518 3586 forma
530 3511 614 3585 dum
628 3509 666 3584 id
677 3507 789 3603 ipsum
808 3508 865 3581 dei
878 3523 1011 3598 corpus
1023 3498 1139 3596 aqu

71 3627 193 3687 marren
209 3627 345 3706 quanto
366 3611 589 3712 distinguitur
605 3631 627 3682 a
642 3610 761 3682 crucis
778 3607 895 3701 stipite
912 3604 1025 3676 Pallas
1041 3599 1139 3674 Aut

65 3709 146 3786 ²cai
171 3711 209 3787 dt
223 3711 333 3787 Ceres
351 3713 496 3808 farrea,
523 3731 600 3804 quae
613 3708 687 3783 stne
705 3705 820 3806 effigie
835 3702 916 3777 rudi
935 3703 1019 3800 palo
1036 3700 1070 3772 &
1085 3699 1140 3774 in·

5 3859 6 3862 r
69 3809 183 3918 smmi
207 3813 308 3912 ligno
331 3808 519 3912 probanti
541 3809 628 3984 Plars
642 3809 770 3882 crucis
793 3805 847 3881 ast
871 3821 978 3882 etune
1001 3803 1138 3976 roobduc,
1230 3815 1233 3830 ¹

117 3959 122 3964 .
583 3959 585 3961 .
617 3931 644 4004 4
989 3921 1039 3998 qu
