2618 4340
20 216 29 230 ,
139 107 920 224 *nesrac-racanas
1084 148 1131 233 23
1255 219 1261 232 l

49 286 191 388 citatis,
217 311 296 368 non
316 291 446 367 vident
460 291 597 368 missum
609 295 696 388 qud
708 295 772 390 fit,
797 315 961 394 mappam
980 309 1132 391 putant:
1145 313 1152 343 ²

47 395 108 472 sed
128 393 182 468 est
200 393 335 466 diaboli
356 394 399 466 ab
419 395 494 468 alto
509 395 721 490 praecipitati
742 391 867 492 figura.
918 393 977 469 Ex
999 419 1045 472 eo
1066 399 1133 472 ita·
1170 466 1174 475 .

47 499 122 592 que
145 495 221 568 itur
238 495 279 567 in
298 492 406 566 furias
435 493 627 568 &animos
649 494 684 567 a
707 494 929 590 discordias,
970 495 1134 592 &quid-
1171 565 1174 583 ,

46 595 135 692 quid
158 613 237 668 non
264 593 351 668 licet
375 591 620 668 sacerdotibus
644 597 753 690 pacis.
813 595 901 672 Inde
924 596 1131 692 maledida,

46 695 225 770 convicia
239 693 312 768 fine
323 693 478 788 justitia,
506 693 580 768 odii
601 693 707 768 etiam
724 695 888 793 suffragia
904 695 978 770 fine
996 697 1132 770 merito

46 796 197 870 amoris.
250 793 349 895 Quid
364 793 460 867 enim
475 793 703 868 consecuturi
719 795 817 870 suum
832 795 1051 892 illicagunt,
1070 795 1133 890 qui
1218 791 1224 802 '

46 893 98 970 sui
114 915 197 969 non
219 891 331 968 sunt?
357 893 419 968 nisr
433 895 618 968 sorte'hoc
632 893 769 992 solum,
793 915 859 992 per
874 897 972 990 quod
985 893 1036 970 sui
1052 917 1132 970 non

45 994 151 1071 sunt:
168 993 215 1068 de
232 993 346 1068 aliena
363 993 576 1090 infelicitate
585 995 854 1092 contristantur,
873 999 918 1070 de
931 997 1044 1072 aliena
1054 995 1133 1070 seli·
1191 1049 1193 1053 -

49 1097 164 1170 citate
176 1095 343 1170 laetanurr
369 1095 552 1194 Quidquid
570 1105 714 1190 optant,
732 1095 902 1190 quidquid
924 1095 1134 1168 abominan-

48 1209 126 1290 tur,
135 1209 349 1270 extraneum
356 1197 399 1268 ab
408 1194 476 1268 illis
492 1191 555 1288 est,
568 1195 772 1270 ita&amor
781 1195 873 1291 apud
884 1196 967 1270 illos
979 1193 1132 1289 otiosus,

51 1295 225 1370 &odium
239 1294 416 1386 injustum.
442 1291 503 1368 An
516 1295 593 1370 fors
608 1296 651 1368 sit
662 1295 738 1370 sine
754 1293 869 1370 caussa
883 1315 1001 1369 armare
1009 1295 1133 1388 liceat,
1206 1355 1209 1362 .

50 1417 162 1489 quam
177 1396 249 1468 fine
265 1393 379 1468 cauffa
394 1393 529 1488 odisse,
552 1395 653 1468 Deus
673 1407 773 1472 certe
790 1396 897 1470 etiam
915 1415 998 1469 cum
1018 1391 1146 1468 caussa?
1284 1411 1285 1416 ¹

49 1495 228 1590 prohibet
240 1493 372 1589 odisse,
390 1495 451 1588 qui
467 1495 633 1568 inimicos
652 1495 747 1592 diligi
762 1497 876 1590 jubet.
902 1496 1005 1568 Deus
1025 1493 1135 1569 etiam

52 1615 135 1670 cum
146 1593 262 1670 caausa
272 1595 673 1694 maledicerenonsrnit,
689 1597 748 1690 qui
760 1597 1015 1671 maledicentes
1024 1596 1136 1668 bene·
1181 1619 1185 1631 ¹
1243 1617 1246 1623 ·

54 1695 306 1790 dicipraecipit.
333 1693 405 1768 Sed
420 1693 529 1769 Circo
545 1695 630 1788 quid
645 1695 892 1790 amarius,ubi
908 1717 954 1768 ne
965 1693 1134 1788 principi·

52 1795 122 1868 bus
140 1795 282 1888 quidem
297 1809 359 1868 aut
381 1795 522 1870 civibus
540 1795 607 1868 suis
629 1793 811 1889 parcunt?
849 1795 886 1868 si
902 1794 987 1886 quid
1002 1793 1137 1868 horum

56 1895 188 1987 quibus
204 1892 329 1968 Circus
341 1893 451 1989 furit,
473 1895 602 1970 alicubi
619 1897 797 1990 competit
811 1894 957 1988 sanclis,
975 1893 1084 1967 etiam
1096 1891 1138 1965 in

55 1991 169 2070 Circo
186 1993 320 2072 licebit.
371 1995 409 2068 Si
428 2015 521 2070 vero
536 1993 725 2094 nusquam,
751 1995 835 2070 ideo
849 1994 971 2070 necin
986 1991 1110 2066 Circ0.

76 2117 80 2126 ’
135 2115 192 2190 17.
218 2093 387 2169 Similiter
411 2093 667 2190 impudicitiam
694 2117 840 2170 omnem
865 2093 1007 2170 amoliri
1032 2093 1139 2186 jube·
1152 2153 1168 2162 .

55 2213 146 2271 mur.
198 2195 286 2270 Hoc
311 2196 421 2291 iginrr
441 2195 679 2270 modoetiam
704 2218 724 2268 a
746 2196 891 2270 theatro
911 2191 1137 2287 separamur,

58 2295 157 2388 quod
175 2293 227 2370 est
242 2295 425 2388 privatum
447 2295 695 2370 consistorium
716 2295 968 2389 impudicitiae,
993 2291 1057 2366 ubi
1083 2290 1139 2364 ni-

57 2393 110 2470 hil
130 2398 336 2492 probatur,
378 2415 483 2488 qtram
505 2395 605 2569 ‹puod
623 2395 714 2469 alibi
736 2389 815 2470 no'n
837 2395 1025 2489 probatur.
1082 2389 1142 2464 lta·
1225 2435 1231 2446 ·

56 2479 192 2570 summa
212 2495 328 2593 gratia
348 2497 424 2589 ejus
448 2496 491 2570 de
529 2496 683 2590 paucitia
706 2495 898 2589 plurimum
920 2491 1144 2566 concinnata¹

56 2593 129 2690 est,
157 2617 264 2691 quam
278 2591 466 2670 Atellanus
483 2595 734 2692 gesticulator,
762 2615 867 2688 quam
879 2593 1014 2668 Mimus
1031 2589 1145 2667 etiam'

61 2715 125 2789 per
140 2697 338 2790 mulieres,
376 2693 625 2789 representat,
654 2694 778 2769 sexum
798 2693 947 2790 pudoris
972 2691 1147 2766 extenni:

61 2811 162 2891 nans,
177 2809 223 2870 ut
234 2795 373 2872 facilius
390 2793 488 2870 domi
501 2817 605 2890 quam
620 2793 1014 2882 inscenaerubescant3
1034 2791 1147 2884 quam‘
1203 2809 1206 2816 ’

63 2893 218 2992 denique
235 2895 480 2970 Pantomimus
502 2917 523 2968 a
549 2896 704 2992 pueritia
725 2895 861 2990 patitur
889 2895 927 2968 in
956 2909 1144 2985 corpore,

63 3007 105 3066 nt
122 2997 253 3070 artifex
275 2993 344 3070 else
365 2993 481 3089 polilt.
540 2993 618 3090 lpsb
638 2995 746 3070 etiam
768 2993 966 3089 prostibula
987 2991 1144 3086 publicae

37 3169 41 3180 ,
64 3093 217 3170 libidinis
237 3095 362 3179 hostiae
381 3077 539 3172 inscena
555 3093 820 3189 proferuntur,
846 3095 926 3188 plus
948 3089 1082 3166 miserae
1101 3091 1147 3162 in

66 3193 249 3286 presentia
268 3195 511 3290 feminarum,
547 3197 675 3288 quibus
689 3192 773 3268 solis
789 3195 977 3286 latebant,
1003 3198 1145 3285 perque

69 3295 182 3369 omnis
198 3297 334 3392 aetatis,
362 3297 480 3370 omnis
495 3295 678 3394 dignitatis
695 3293 1067 3383 oratransducuntur,
1086 3289 1145 3362 lu-

69 3411 156 3487 cus,
190 3393 327 3492 stipes,
360 3396 545 3494 elogium,
581 3396 688 3470 etiam
706 3393 833 3488 quibus
854 3415 946 3487 opus
966 3409 1044 3464 non
1067 3387 1140 3481 est,

69 3493 288 3584 praedicatur.
349 3493 478 3570 Taceo
496 3495 540 3570 de
556 3497 729 3590 reliquis,
764 3517 807 3570 ea
829 3515 906 3588 quae
926 3493 964 3564 in
980 3488 1144 3564 tenebris

72 3587 155 3666 &in
170 3595 345 3690 speluncis
362 3593 431 3668 suis
451 3593 659 3670 delitescere
675 3595 852 3688 decebat,
878 3616 925 3666 ne
941 3591 1035 3664 diem
1054 3609 1142 3662 con-

71 3693 293 3771 taminarent.
344 3679 542 3771 Erubescat
557 3692 726 3788 senatus,
762 3691 972 3769 erubescant
994 3689 1142 3764 ordinet
1275 3757 1279 3762 ,.

75 3805 207 3869 omnes.
259 3793 343 3890 lpse
363 3793 432 3870 illae
451 3795 601 3890 pudoris
617 3793 674 3868 sui?
682 3791 992 3887 interemptrices,
1019 3789 1064 3862 dc
1082 3807 1141 3884 ge·

76 3883 180 3970 sribia
197 3894 457 4039 suisadlucem
470 3895 693 4086 &poffium
706 3891 986 4008 expavescentes
995 3887 1143 4064 {niseglel
