2612 4328
220 181 479 238 inversus
506 159 840 288 Manerounu.
866 161 967 238 Lrn.
994 161 1024 238 1.
1092 167 1162 261 '297

89 325 233 404 tardum
249 345 296 400 ne
315 323 527 426 compendium
546 325 793 422 praefiriprionis
816 323 934 424 ubique.
958 323 1165 418 advenum,

90 424 292 504 diffidentiae
307 425 520 520 deputetur,
545 427 705 523 regulam
723 423 912 500 adversarii
924 424 1022 518 prius
1039 436 1163 520 praete·

91 549 217 705 {13³³
229 527 360 702 11θῇουί
383 527 518 618 lateat,
533 584 538 592 .
553 527 591 600 in
617 547 686 620 qua
706 529 895 624 principalis
922 524 1041 654 prestio
1067 523 1164 600 duni·
1207 589 1208 592 ,

164 749 198 802 a.
233 725 341 806 Duos
376 727 550 802 Ponticus
575 725 680 802 Deos
706 723 837 820 affert,
870 737 1046 820 tanquam
1075 725 1166 802 duas
1204 819 1208 828 .
1289 706 1292 714 ¹

83 825 340 924 Symplegadas
359 825 532 924 naufragii
545 825 616 901 stu:
649 848 755 918 quem
776 846 906 922 negare
924 847 1001 902 non
1017 827 1162 922 potuit,

85 928 123 1002 id
149 927 203 1002 est
223 937 451 1020 creatorem,
474 925 582 1002 idest
602 925 783 1000 nostrum:
818 925 979 1017 &quern
1005 928 1162 1020 probaro

83 1045 167 1105 non
181 1026 345 1121 poterit,
371 1027 408 1100 id
436 1025 486 1100 est
503 1026 624 1102 suum:
663 1026 776 1120 pallus
802 1025 928 1100 infelix
953 1027 1057 1120 huius
1076 1049 1163 1121 prae·

82 1125 300 1220 sumptionis
331 1123 558 1221 instinstum,
591 1128 635 1202 de
657 1127 803 1220 simplici
831 1127 989 1220 capitulo
1012 1127 1162 1200 domini·

87 1249 143 1300 cae
161 1227 499 1322 pronunciationis,
523 1229 560 1301 in
573 1227 738 1302 homines
754 1247 830 1302 non
853 1225 890 1299 in
916 1223 1021 1301 Deos
1046 1223 1160 1320 dispo-

66 1327 208 1422 ,nentis
232 1331 393 1422 exempla
410 1329 471 1400 illa
488 1327 596 1402 bonae
618 1327 768 1401 &malae
787 1327 951 1421 arboris,
978 1325 1076 1420 quod
1100 1347 1161 1400 ne·
1220 1343 1223 1350 ’

84 1445 161 1516 que
175 1427 273 1500 bona
286 1429 421 1524 malos,
446 1449 566 1522 neque
581 1429 673 1502 mala
685 1429 806 1502 bonos
822 1423 985 1522 proferat
1003 1423 1162 1520 mnu,

80 1525 122 1600 id
144 1525 215 1620 est,
242 1547 359 1620 neque
379 1551 479 1602 mens
498 1531 561 1602 vel
578 1526 668 1602 fides
687 1529 807 1620 bona,
832 1527 941 1602 malas
969 1529 1052 1602 edat
1072 1549 1160 1622 ope·

81 1645 174 1717 ras,
204 1647 321 1718 neque
349 1630 441 1701 mma
464 1628 592 1714 bonas.
650 1624 839 1722 Languens
867 1628 962 1700 enirn
986 1625 1161 1724 (quode

74 1745 184 1815 ¹nunc
198 1727 327 1819 multi,
353 1725 560 1800 &maxime
584 1725 764 1825 haeretici)
785 1728 878 1799 eirca
897 1725 981 1800 mali
1001 1725 1162 1818 questio·

79 1847 193 1917 nem,
220 1825 331 1899 Unde
347 1825 504 1902 malum?
532 1825 739 1899 &obtunsis
761 1823 936 1919 sensibus,
962 1825 1035 1920 ipsa
1055 1825 1172 1898 enor-v

77 1926 466 2018 mitateeuriosrtatis,
491 1925 681 2000 inveniens
703 1939 905 2000 creatorem
919 1927 1161 2020 prontmcian·
1273 2000 1276 2018 ,

82 2038 180 2100 tem:
212 2021 294 2122 Ego
312 2023 387 2098 sum
410 2027 469 2119 qui
486 2025 611 2116 condo
630 2027 742 2119 mala,
782 2041 916 2118 quanto
936 2023 1050 2122 ipsum
1068 2046 1158 2120 pree-

83 2123 279 2218 sumpserat
298 2127 381 2200 mali
401 2137 585 2221 autorem,
619 2129 653 2199 dt
671 2147 717 2200 ex
744 2127 820 2200 aliis
843 2129 1056 2226 argumentis
1080 2149 1159 2218 quae

80 2223 134 2303 ita
160 2223 374 2325 persuadent
394 2227 567 2320 perverso
590 2227 742 2320 cuique,
764 2241 869 2300 tanto
896 2227 934 2299 in
955 2241 1161 2304 creatorem

79 2325 368 2421 interpretatur,
392 2329 521 2400 malam
533 2327 700 2400 arborem
714 2328 829 2400 malos
844 2324 979 2400 fruitus
999 2327 1159 2400 conden-

80 2439 180 2518 tem,
206 2421 341 2500 scilicet
360 2427 475 2518 mala,
503 2425 609 2500 alium
629 2425 751 2508 Deum
775 2423 989 2522 praesumpsrt
1005 2423 1076 2500 else
1097 2427 1157 2499 de·
1257 2507 1272 2520 ,

78 2527 195 2620 bere,
220 2525 257 2600 in
268 2537 411 2621 partem
430 2525 698 2600 bonuarboris
716 2527 838 2598 bonos
858 2523 1004 2600 bricius.
1041 2519 1092 2598 Et
1107 2525 1159 2600 ita

78 2627 121 2700 in
153 2645 375 2700 cnarsro
408 2626 503 2718 quafi
527 2627 631 2700 aliam
655 2625 844 2698 inveniens
871 2623 1158 2722 dispositionem,
1185 2677 1189 2685 ·

81 2723 192 2800 solius
217 2726 253 2798 de
275 2747 375 2819 purae
398 2725 655 2823 benignitatis,
681 2735 724 2797 ut
749 2721 895 2799 diverse
922 2747 943 2798 a
968 2737 1159 2822 creatore,

82 2823 190 2898 facile
201 2846 338 2902 novam
353 2825 387 2898 &
403 2825 580 2920 hospitam
592 2837 859 2925 argumentatus
871 2823 921 2899 est
931 2823 1159 2902 divinitatem
1188 2817 1193 2830 ’

80 2927 121 3002 in
137 2945 357 3000 euasero
370 2923 435 2999 suo
454 2928 672 3020 revelatam,
697 2924 917 3020 modicoque
938 2925 1066 3000 exinde
1088 2925 1159 3008 fer·

14 3041 15 3052 ¹
79 3037 209 3100 mento
237 3037 353 3100 totam
376 3021 461 3100 fidei
484 3025 625 3102 massam
652 3027 825 3102 heretico
852 3045 978 3100 acrore
1004 3026 1159 3119 decepit.

80 3123 276 3200 Habuit&
297 3129 467 3198 Cerdonem
487 3127 686 3222 quendam,
711 3125 986 3201 informatorem
1004 3123 1160 3200 scandali

81 3224 213 3320 huius,
251 3245 324 3317 quo
355 3225 494 3300 facilius
527 3227 618 3301 duos
643 3225 748 3300 Deos
775 3226 859 3300 caci
884 3223 1096 3322 perspexisse
1121 3222 1160 3300 se
1246 3269 1250 3280 ·

68 3325 385 3402 existimaverant.
436 3325 559 3400 Unum
592 3327 685 3401 enim
715 3347 793 3400 non
817 3325 956 3424 integre
980 3325 1159 3408 viderant.

82 3421 335 3521 Lippientibus
363 3427 472 3502 etiarn
498 3425 679 3524 singularis
706 3427 853 3520 lucerna
879 3423 1069 3500 numerosa
1095 3421 1159 3501 est.

83 3519 251 3600 Alterum
266 3527 376 3624 igitur
388 3525 532 3618 Deum,
559 3547 666 3620 quem
681 3521 848 3602 confiteri
867 3527 1093 3629 cogebatur,
1112 3524 1157 3600 de

83 3627 179 3700 malo
199 3625 430 3720 infamanda,
467 3626 650 3702 destruxit.
706 3625 894 3719 Alterum,
930 3643 1036 3717 quem
1060 3643 1159 3699 com·

83 3727 235 3802 mentari
263 3725 546 3822 connitebatur,
584 3725 759 3898 cjlcbono
785 3723 1032 3902 preferendstcp
1069 3745 1158 3842 con·
1205 3721 1208 3728 ’

650 3845 671 3918 5
1018 3837 1108 3903 unt.
1200 3845 1204 3856 ’
