2582 4322
165 178 238 258 93*
302 155 381 254 Ὦ.
402 147 536 228 scir.
566 118 704 228 Fron.
735 147 1114 227 Tarruaaranrt

167 315 269 498 (ὸυοὰ
287 311 461 414 fimfl'ctt
483 309 713 406 Emmrouel,
747 311 870 406 venit,
902 309 941 388 id
968 311 1019 388 est
1044 307 1238 388 nobiscum

208 437 283 492 m·
437 465 440 470 ,
552 457 559 468 .
1065 441 1069 448 ”
1147 461 1149 466 ,

29 512 41 536 '
184 562 195 576 ·
249 509 623 608 13.··Aeque&sono
645 509 828 602 nominum
853 510 1019 604 ducetis,
1054 513 1236 584 cumvic-

59 658 62 666 ·
169 627 286 692 tutem
303 609 484 710 Damasci,
510 607 669 703 &spolia
683 609 862 703 Samariae,
889 609 1053 705 &regem
1070 609 1242 704 Affyrim

169 737 277 806 remp
304 713 353 788 lic
374 709 531 804 accipis,
557 709 650 802 quast
666 709 877 784 bellatorem
892 709 1110 802 portendant
1131 709 1235 784 clm·

168 815 271 894 stum
289 811 485 898 creatoriat
512 829 589 884 non
614 809 920 900 monument,
954 809 1039 901 quid
1063 807 1237 902 scriptura

44 951 49 963 ·
170 913 374 1012 promittat.
438 908 620 1009 Quoniam
648 905 845 1000 priusquam
870 906 1066 1004 cognoscat
1099 927 1238 981 vocare

169 1027 313 1112 patrem
331 1010 366 1082 ἀ
380 1022 551 1099 matrem,
577 1006 729 1099 accipiet
743 1008 916 1080 virtutem
934 1005 1094 1082 Damasci
1110 1005 1147 1079 a
1160 1005 1237 1101 spo

171 1112 224 1188 lia
245 1109 406 1186 Samariae
433 1103 598 1182 adversus
624 1125 743 1201 regem
770 1105 1002 1200 Allyriorum.
1063 1104 1169 1180 Ante
1193 1105 1241 1180 est

117 1246 122 1256 ·
172 1213 293 1294 cuim,
310 1207 481 1298 inspiciat
493 1207 603 1282 atatis
618 1203 973 1296 demonstrationem,
999 1227 1043 1280 an
1056 1206 1241 1280 homiuem

172 1310 250 1406 jam
270 1305 444 1382 Cluilium
468 1305 635 1380 exhibere
651 1305 778 1398 pont,
812 1301 943 1380 nedum
958 1301 1241 1398 imperatorem?

173 1407 326 1484 Scilicet
349 1405 475 1499 uagitu
498 1401 541 1478 ad
566 1423 660 1493 ama
695 1401 780 1478 effer
797 1417 1067 1478 convocaturus
1098 1401 1242 1477 infans?

78 1575 86 1595 ,
176 1501 231 1582 Et
254 1505 350 1600 [tgna
367 1503 480 1595 belli,
504 1523 581 1576 non
604 1503 716 1596 tuba,
737 1500 799 1577 sed
823 1503 1042 1597 crepitacillo
1064 1499 1242 1576 datunul

78 1614 87 1633 ‘
128 1679 132 1692 ,
178 1601 267 1682 Nec
280 1623 328 1676 ex
345 1623 441 1695 equo
457 1603 520 1676 vel
542 1601 586 1674 dc
605 1622 711 1674 curru
727 1603 789 1676 vel
811 1602 856 1676 de
874 1623 1002 1694 muro,
1036 1599 1096 1676 sed
1117 1601 1165 1675 de
1181 1621 1247 1676 nu·

180 1705 284 1778 tricis
301 1717 363 1776 aut
380 1701 508 1800 gerulo
522 1699 592 1774 suae
615 1703 712 1774 collo
728 1701 803 1776 sive
817 1699 926 1776 dorso
940 1701 1078 1776 hostem
1096 1699 1246 1776 demna-

179 1799 314 1879 uuus?
346 1798 471 1892 Atque
488 1802 541 1874 ita
558 1798 768 1876 Damascum
790 1799 1026 1876 &Samariam
1047 1820 1116 1892 pro
1138 1821 1248 1874 mam·

84 1983 88 1992 ,
181 1902 287 1978 millis
305 1897 535 1974 subactum?
561 1897 761 1992 Artocen,
797 1900 822 1973 st
846 1919 955 1992 pcner
976 1897 1151 1972 Ponticos
1169 1901 1250 1972 bar·

177 1999 312 2076 baricc
344 1999 460 2094 gentis
485 1997 639 2074 infmtes
668 2001 705 2074 in
733 2001 889 2092 pralium
919 2012 1132 2092 erumpunt,
1175 2018 1249 2071 cro

180 2097 234 2172 do
262 2097 306 2170 ad
328 2093 439 2172 solem
463 2093 698 2192 unffipn'ur,
735 2097 863 2176 detine
885 2099 1007 2194 pannis
1036 2098 1181 2191 armati,
1215 2097 1250 2171 ἅ

179 2197 321 2288 butyro
337 2195 560 2292 ffipendiati‚
597 2198 656 2288 qui
681 2211 763 2272 ante
787 2199 911 2271 norint
935 2199 1114 2288 lanceare,
1144 2217 1250 2290 quam

181 2297 373 2374 lancintoe.
424 2294 648 2388 Enimvero,
672 2297 699 2370 st
711 2294 878 2390 nusquam
892 2297 965 2372 hoc
979 2309 1103 2370 natura
1118 2317 1252 2370 conce·

59 2412 66 2433 '·
89 2432 119 2476 ·;.
186 2394 265 2486 dit,
299 2407 382 2470 ante
402 2395 553 2471 militare
575 2415 679 2488 quam
700 2396 850 2490 vivere,
886 2411 968 2472 ante
984 2397 1162 2470 uirtutem
1178 2395 1251 2470 Da·

184 2494 295 2574 malci
308 2491 470 2588 sumere,
495 2513 599 2586 quam
611 2495 721 2589 patris
741 2495 911 2570 &matris
931 2495 1151 2571 vocabulum
1169 2494 1251 2570 nos-

185 2593 249 2688 se,
275 2593 450 2686 secutur,
474 2591 678 2690 utligurata
692 2596 945 2686 pronturciatio
967 2595 1142 2668 videatur.
1180 2593 1251 2672 Sed

189 2689 226 2766 δι
247 2692 442 2790 virginem,
467 2693 605 2786 inquit,
637 2713 770 2787 parcre¹
786 2709 914 2770 natura
932 2711 1008 2768 non
1030 2693 1191 2786 putitiu,
1219 2695 1250 2768 c

110 2836 125 2860 ·.
188 2801 310 2866 umen
342 2791 497 2867 creditur
527 2793 722 2885 prophctc.
783 2791 834 2866 Et
862 2792 1012 2880 meritor
1049 2791 1251 2884 praestruxit

32 2953 34 2960 ,
189 2889 286 2966 enim
301 2887 408 2967 iidem
430 2891 627 2970 incredibili
653 2891 725 2985 rei,
758 2893 935 2968 rationem
961 2891 1126 2982 edendo,
1154 2893 1252 2985 quod

188 2989 230 3062 in
249 2989 346 3086 ligno
369 2987 459 3064 ellet
474 2989 605 3069 sumta.
654 2989 870 3085 Propterea,
894 2983 1027 3083 inquit,
1060 2991 1166 3066 dabit
1187 3015 1251 3066 vo·

189 3085 246 3165 bis
265 3087 426 3164 dominus
441 3088 596 3187 siguum,
622 3086 720 3164 Ecce
737 3091 843 3190 virgo
867 3086 1048 3188 concipiet
1062 3092 1100 3164 in
1119 3103 1252 3186 utero,

77 3214 83 3231 ¹
192 3187 230 3260 a
247 3184 500 3280 pariacfiliuut
548 3187 695 3284 Signum
711 3202 833 3272 autem
851 3213 871 3264 a
887 3191 992 3272 Deo,
1017 3189 1079 3264 nili
1105 3193 1252 3266 novitas

192 3283 309 3378 aliqua
320 3285 561 3380 monstruosa,
587 3302 661 3362 tam
673 3289 816 3382 dignum
830 3311 907 3362 non
920 3287 1046 3366 milret
1084 3287 1252 3384 Denique

172 3385 229 3458 ,ἃ
246 3386 356 3481 Judci
375 3385 542 3477 siquando
561 3387 606 3461 ad
621 3409 690 3465 nos
710 3387 927 3482 dejiciendor
941 3387 1083 3464 mandri
1100 3389 1253 3482 audent,

194 3485 289 3578 quast
307 3505 385 3560 non
402 3485 604 3580 uirginem,
638 3486 697 3562 scd
712 3491 917 3582 juvenculam
942 3501 1202 3582 coucepttuam
1222 3489 1253 3562 lt

192 3585 387 3678 parituram
425 3583 594 3680 scriptum
627 3587 839 3680 ¹contineat,
873 3589 958 3664 hinc
989 3589 1253 3681 revincuntur,

193 3680 296 3772 quod
316 3684 405 3761 mhil
424 3684 509 3780 ligni
527 3684 648 3760 -videri
663 3683 767 3780 pollit
789 3709 847 3764 ree
866 3687 1093 3784 quotidiana,
1126 3687 1254 3780 juven·

53 3861 57 3868 ,
197 3775 638 3886 colcscilloetprapnacm
654 3783 833 3914 tignus,
882 3783 1073 3890 1115qu
1089 3783 1255 3988 ῗέἕωῶῑ,
