2616 4336
147 215 218 292 aas
303 200 354 307 Q.
386 197 684 278 sevaston
718 193 1061 278 Trraoanranr

144 367 225 451 Rea
237 379 416 458 venerat,
445 361 655 438 erubescens
678 361 724 436 de
741 361 885 438 infamia
900 361 978 458 sua,
1010 365 1149 440 merito
1173 365 1245 442 ab·

65 548 69 566 ,
146 468 325 546 scondens
342 465 534 558 decorem,
557 465 618 535 vel
635 464 718 556 quie
732 463 860 536 timens
874 465 947 555 jam
956 465 1110 560 placere.
1154 464 1246 538 Caee

149 585 269 646 terum
283 567 320 640 in
336 563 449 638 stadio
471 563 587 638 mariti
602 585 679 636 non
694 575 818 657 putem
835 567 991 638 velatam
1008 563 1246 638 demnbulas

105 687 121 702 ‘
149 669 210 763 se,
237 687 314 760 quae
328 665 474 760 placuit.
511 663 636 736 Fuerit
649 681 747 736 nunc
764 667 885 738 velata
903 663 1050 760 semper.
1093 664 1140 738 In
1157 664 1248 758 ipsa

150 789 298 862 quoque
316 766 434 860 legem
449 751 575 838 hibita
591 763 758 856 requiro,
784 763 847 838 vel
862 765 901 838 in
916 785 1131 860 quacunque
1147 767 1245 842 alia.

149 869 189 942 Si
205 869 321 964 legem
338 858 507 956 nusquam
528 864 696 957 reperi0,
722 859 878 956 sequitur
898 878 940 940 ut
965 863 1112 938 traditio
1140 885 1246 941 con⁴

151 965 329 1046 suetudini
349 985 489 1038 morem
511 963 608 1036 hunc
634 963 796 1064 dederit,
839 964 1044 1038 habiturum
1067 965 1246 1058 quando·

153 1089 224 1162 que
237 1063 407 1160 Apostoli
421 1061 668 1138 audioritatem
684 1085 728 1138 ex
747 1063 1048 1160 interpretatione
1064 1065 1245 1142 rationis.

150 1165 219 1244 His
245 1167 353 1262 igitur
381 1163 552 1256 exemplis
585 1165 829 1238 renuntiatum
861 1165 952 1257 erit,
986 1163 1086 1260 posse
1120 1163 1245 1244 etiam

32 1309 37 1312 ·
83 1309 84 1318 .
153 1287 234 1346 non
263 1263 428 1360 scriptam
458 1261 691 1337 traditionem
714 1263 753 1336 in
778 1261 1036 1341 observatione
1063 1263 1240 1359 defendi,

153 1359 404 1442 confirmatam
440 1357 727 1458 consuetudine,
774 1365 908 1438 idonea
944 1364 1032 1438 teste
1065 1365 1241 1459 probata

36 1461 39 1468 ’
154 1479 244 1550 tame
257 1462 460 1537 traditionis
479 1484 525 1534 ex
539 1462 805 1558 perseverantia
822 1463 1098 1554 observationis.
1134 1461 1241 1536 Con-

36 1573 41 1584 “
104 1565 112 1594 ⁴
155 1561 308 1644 suetudo
331 1574 451 1636 autern
470 1561 576 1636 etiam
600 1565 637 1636 in
657 1561 823 1640 civilibus
838 1567 946 1638 rebus
965 1585 1035 1658 pro
1059 1565 1140 1660 lege
1167 1558 1241 1660 susa

158 1665 321 1758 cipitur,
348 1683 430 1736 cum
455 1657 578 1736 deficit
594 1665 664 1740 lex.
691 1685 761 1738 nec
782 1661 904 1748 differt
920 1662 1093 1758 scriptura
1109 1683 1157 1739 an
1179 1685 1241 1738 ra·

156 1765 262 1844 tione
289 1761 474 1854 consistat,
500 1763 642 1856 quando
669 1763 704 1838 dt
727 1765 844 1860 legem
867 1764 963 1838 ratio
990 1763 1239 1840 commendet.

158 1865 277 1942 Porro
294 1863 319 1937 sr
337 1865 397 1938 lex
413 1862 556 1935 ratione
571 1863 735 1958 constat,
757 1867 818 1938 lex
839 1865 908 1938 erit
928 1885 1036 1938 omne
1047 1865 1121 1956 iarn
1132 1863 1239 1956 quod

158 1967 301 2042 ratione
337 1959 560 2054 constiterit,
597 1983 861 2070 aquocunque
895 1961 1120 2060 productum.
1171 1961 1239 2040 An

158 2083 237 2140 non
256 2074 360 2156 putas
376 2057 475 2134 omni
491 2052 588 2134 fideli
604 2063 715 2138 licere
734 2066 930 2158 concipere
946 2064 981 2138 dt
999 2061 1237 2158 constituere,

161 2161 337 2238 duntaxat
354 2158 454 2254 quod
468 2158 538 2233 deo
554 2175 749 2258 congmat‚
777 2165 876 2256 quod
892 2159 1081 2257 discipline
1098 2163 1246 2236 conda.-

162 2275 244 2356 cat,
272 2261 371 2356 quod
384 2257 487 2334 saluti
499 2259 696 2357 proficiat,
724 2261 868 2338 dicente
887 2265 1058 2338 domino:
1085 2259 1161 2336 Cur
1176 2283 1240 2338 au·

147 2372 238 2440 'tem
252 2383 329 2436 non
347 2355 536 2433 &avobis
554 2359 637 2454 ipsrs
657 2363 756 2454 quod
767 2361 898 2458 justum
911 2362 963 2438 est
974 2361 1168 2457 iudicatis?
1194 2375 1240 2438 ut

47 2539 52 2550 ,
163 2484 241 2540 non
259 2463 304 2536 de
317 2457 455 2554 judicio
480 2473 618 2536 tantum
644 2449 704 2538 sed
729 2463 774 2536 de
799 2463 898 2540 omni
925 2461 1101 2538 sententia
1117 2479 1240 2540 rerum

86 2651 88 2660 ¹
164 2560 486 2640 examinandarum
524 2560 676 2636 Dicit&
693 2559 915 2656 Apostolus,
942 2561 980 2636 si
993 2563 1078 2656 quid
1095 2563 1238 2658 ignora

164 2663 234 2756 tis,
262 2663 349 2734 dens
374 2659 484 2733 vobis
509 2661 706 2756 revelabit,
746 2661 869 2738 solitus
896 2661 932 2736 dc
954 2659 1028 2757 ipse
1054 2661 1240 2742 consilium

165 2759 446 2853 subministrare,
473 2780 555 2834 cum
571 2776 791 2856 praeceptum
812 2763 1041 2838 domininon
1061 2759 1237 2858 habebat,

167 2861 204 2934 dc
219 2858 376 2954 quadan
391 2857 534 2932 edicere
551 2883 571 2932 a
588 2857 797 2956 semetipso,
835 2862 896 2938 sed
921 2861 957 2937 dc
977 2861 1052 2958 ipse
1077 2859 1238 2956 spiritum

169 2959 227 3035 dei
240 2959 375 3034 habens
391 2955 621 3034 dedudorem
645 2963 760 3036 omnia
779 2963 955 3040 veritatis.
1005 2961 1132 3054 Itaque
1149 2983 1237 3036 oon·

167 3059 280 3136 filium
297 3059 332 3134 tr
349 3053 480 3132 arnan
506 3061 581 3154 ejus
605 3058 719 3136 divini
737 3061 811 3155 iam
830 3063 1001 3158 precepti
1022 3059 1127 3136 instar
1146 3063 1237 3138 obti-

166 3161 272 3254 nuit,
298 3157 343 3232 de
362 3157 518 3232 rationis
537 3159 667 3236 divine
678 3161 896 3256 patrocinio.
947 3161 1052 3236 Hanc
1070 3181 1167 3236 nunc
1179 3183 1237 3236 err·

168 3259 311 3356 postula
323 3257 425 3332 salvo
439 3257 640 3334 traditionis
654 3255 814 3356 respestu
831 3279 1048 3358 quoeunque
1066 3259 1241 3338 traditore

171 3359 354 3436 censetur:
387 3379 457 3430 nec
479 3355 661 3434 audorem
682 3359 867 3460 respicias,
899 3361 960 3438 sed
981 3359 1235 3442 auetoritatem.

166 3457 222 3534 Et
233 3449 274 3532 in
290 3458 412 3552 primis
431 3451 697 3536 consuetudinis
714 3462 842 3558 ipsius,
870 3485 949 3558 que
964 3473 1158 3558 propterea
1177 3481 1238 3534 co·

130 3587 134 3596 ·
170 3557 278 3634 lenda
293 3555 364 3650 est,
390 3575 438 3630 ne
456 3557 752 3636 nonsrtrationis
771 3563 961 3659 interpres.
993 3559 1237 3636 Utsi&hane

172 3658 260 3732 deus
283 3655 441 3748 dederit,
476 3668 566 3732 tunc
580 3655 716 3757 discas,
749 3663 848 3756 quod
866 3681 945 3740 non
964 3657 1237 3738 observandasit

172 3757 240 3854 tibi
255 3751 492 3833 consueoado.

930 3927 936 3934 ⁰
1071 3977 1107 4051 5.
1125 3953 1191 4034 Sed
