2482 4326
8 191 436 320 ‘'Arotoorrrcus
465 174 724 284 aava'rs'ur
753 169 1054 312 etnrt’surgr·

8 373 148 470 uirgines
161 393 311 466 quoque
325 367 432 446 fidern
447 355 648 455 inveniunt
699 369 736 450 Si
751 371 797 448 de
805 371 873 448 suis
884 371 1054 479 sensibus,
1144 337 1148 351 Ι
1189 463 1195 480 ,

8 479 54 558 ’ω
65 493 154 574 ergo
169 472 388 548 samamenta
407 472 529 546 nostra
545 473 713 569 imagines
733 473 972 568 posteriorum
991 479 1055 554 ha·

8 573 184 668 trbrmnrr,
211 571 312 668 quod
326 591 446 646 rerum
461 573 579 648 forma
597 595 675 646 non
690 571 845 650 sustinet.
869 597 1053 670 nunquam

8 675 73 748 uim
88 693 226 768 corpus
244 673 389 766 umbra,
416 685 478 746 aut
493 674 684 747 veritatem
700 673 748 748 irn
794 677 1017 769 opraecedit.
1100 689 1101 692 ’

54 783 114 866 43.
140 771 226 872 Age
244 773 317 867 jam
341 772 367 846 sr
392 773 452 866 qui
476 769 756 869 philosophusa
792 788 909 870 rmet,
934 791 977 852 ut
1000 779 1073 854 ait·
1131 777 1149 820 ⁹

8 871 174 966 uberius,
201 873 245 947 de
261 871 438 950 sententia
448 871 682 970 Pythagorae,
708 873 893 948 honinem
912 871 990 950 fieri
1004 897 1053 954 ex
1139 876 1141 882 ’

8 977 97 1068 nlo,
128 973 316 1048 colubram
341 993 388 1047 ex
411 971 579 1065 nruiiere,
614 971 711 1046 &in
736 995 813 1049 earn
838 976 1053 1070 opinionem

8 1071 658 1248 ”trstrtrtttttittr
682 1070 899 1252 &itta
921 1096 1054 1252 iii?

8 1189 65 1348 ἷξε
93 1269 318 1350 abstinendi?
347 1227 613 1369 proptereaque
643 1195 839 1368 pgersuasunt
871 1259 1052 1368 quiahoc

8 1375 123 1469 theat,
148 1391 196 1448 ne
221 1369 321 1446 forte
342 1373 512 1448 bubularn
537 1371 582 1446 de
600 1373 719 1466 aliquo
739 1393 883 1466 proavo
898 1373 963 1448 suo
982 1377 1052 1454 ob·
1129 1407 1132 1413 ·

8 1487 90 1558 rtet
145 1471 202 1548 At
222 1473 314 1546 enirn
332 1471 548 1546 Christianus
569 1469 595 1544 sr
618 1471 662 1544 de
679 1465 824 1548 honrin'e
840 1473 1051 1572 hominem,

8 1569 162 1666 nmque
186 1571 231 1646 de
248 1569 336 1667 Caio
361 1571 487 1666 CoJum
506 1569 676 1644 reducem
692 1572 950 1670 repromittat,
974 1577 1052 1651 illie

8 1671 96 1750 rnen
111 1671 283 1766 queritur.
308 1671 483 1766 lapidibus
502 1669 635 1767 magis,
667 1667 870 1746 necfaltenr
889 1671 1052 1750 caestibus
1130 1754 1134 1762 J

8 1775 156 1874 populo
170 1769 357 1870 erigetur?
384 1771 492 1888 Quasi
503 1791 581 1844 non
590 1773 910 1864 quaecunqueratio
923 1771 1053 1870 praest

8 1873 174 1950 truamur
191 1875 421 1947 hrunanarum
444 1889 483 1946 rn
508 1889 665 1966 corpora
691 1871 1050 1971 reciprocandarum,
1117 1923 1120 1936 .

8 1967 44 2050 tr
59 1973 187 2072 exigat
202 1971 279 2046 illas
295 1973 333 2046 in
354 1972 477 2047 eadent
492 1989 650 2066 corpora
665 1971 852 2046 revocari:
875 1973 959 2067 quia
974 1975 1051 2050 hoc
1078 1995 1081 2004 ’

8 2059 235 2166 invocari,
261 2070 331 2147 effe
346 2071 445 2165 quod
463 2069 617 2146 frrerant.
667 2068 805 2146 Nanrsr
824 2093 901 2146 non
918 2069 955 2148 id
966 2073 1050 2150 sunt

8 2159 255 2266 bodfuerant,
278 2171 401 2267 idest,
429 2171 620 2245 humanum
633 2165 836 2263 &idipsum
851 2174 1051 2268 corpusin·
1185 2169 1188 2178 ’

8 2259 88 2368 ire,
110 2273 278 2368 jamnon
292 2269 374 2370 ipsae
390 2285 515 2364 erunt,
544 2291 620 2363 quae
630 2267 785 2344 iterant.
836 2269 955 2346 Porro
970 2291 1052 2366 quae

8 2389 43 2446 ra
56 2393 138 2446 non
160 2371 383 2470 eruntipsae,
411 2369 598 2464 quomodo
612 2367 738 2444 rediise
754 2369 945 2444 dicentur?
971 2373 1051 2446 Aut
1127 2393 1132 2402 ’

8 2460 66 2546 hd
90 2469 198 2548 fastu
224 2466 300 2546 no'n
326 2483 430 2546 erunt
453 2467 534 2564 ipsae
566 2482 627 2543 aut
644 2485 836 2555 ,manentes
866 2467 948 2564 ipsae
970 2491 1051 2547 non

8 2581 77 2648 ,arnt
94 2573 253 2648 aliunde.
302 2568 431 2645 Multis
449 2573 556 2644 etiarn
570 2569 664 2661 jocis
680 2589 724 2641 ex
743 2570 823 2642 otio
848 2589 940 2666 opus
952 2573 1049 2668 en't,

8 2673 178 2760 {velimus
194 2671 352 2748 adhunc
374 2685 512 2766 partem
539 2665 712 2744 lascivire.
764 2669 855 2842 313ss
881 2671 919 2744 in
942 2691 1049 2764 quam

8 2767 121 2862 ¹¹ffliarn
134 2773 328 2847 reformari
338 2772 534 2845 videretur.
584 2765 654 2866 Sed
670 2768 774 2842 deno
825 2771 967 2867 a-magis
987 2771 1054 2847 de»-

8 2871 157 2967 mone,
186 2874 248 2966 qui
264 2873 521 2970 proponimus,
548 2870 663 2942 multo
679 2869 802 2962 utique
819 2867 957 2967 dignius
972 2889 1051 2944 cre·

8 2949 35 3064 i,
72 2971 262 3048 hominem
283 2993 328 3046 ex
343 2971 489 3046 homine
513 2969 733 3062 rediturum,
765 2971 960 3062 quemlibet
977 2991 1050 3064 pro

8 3061 161 3166 norbet,
196 3071 281 3148 dunt
303 3073 508 3164 hominem,
542 3084 582 3140 ut
602 3067 726 3142 eadent
751 3070 899 3159 qualitas
924 3069 1051 3144 animae

8 3145 173 3250 horem
188 3171 407 3246 restauretur
420 3169 685 3261 conditionem,
713 3167 775 3263 etsr
791 3188 868 3242 non
882 3165 1048 3266 effigiem,

87 3275 175 3366 quia
189 3273 287 3346 ratio
298 3269 531 3346 restitutionis
547 3263 734 3343 destinatio
749 3265 872 3360 judicii
891 3267 961 3360 est,
985 3289 1050 3342 ne-

83 3373 122 3448 io
135 3371 236 3448 idem
250 3369 326 3466 ipse
346 3371 407 3464 qui
424 3370 542 3446 fuerat
559 3367 798 3461 exhibebitur,
823 3381 867 3440 ut
879 3367 971 3442 boni
985 3365 1048 3441 seu

8 3561 210 3648 hormen
239 3569 275 3645 δι
295 3587 476 3664 corpora,
512 3568 593 3662 quia
616 3587 734 3656 neque
757 3567 830 3662 pati
858 3565 1051 3658 quicquam

8 3669 97 3757 m
113 3673 232 3747 arima
249 3669 325 3746 sola
341 3669 413 3744 sine
431 3667 544 3742 stabili
561 3667 728 3757 materia,
753 3663 858 3739 idest
875 3683 997 3754 carne:
1012 3665 1048 3739 δι

8 3755 83 3862 Ν
98 3771 248 3848 omnino
267 3769 313 3844 de
327 3769 463 3864 judicio
479 3767 551 3842 Dei
564 3765 640 3860 pati
655 3765 789 3838 debent
803 3764 947 3858 anirnae„
968 3787 1049 3844 non
1168 3789 1172 3804 ·

8 3863 67 3944 Ι
83 3887 179 3948 errae
203 3881 436 3970 meruerunt,
477 3869 573 4044 intlra
603 3885 711 3962 quarn
740 3865 861 3945 omnia
884 3877 1047 4042 εςὲῐὲηῑ.

564 3985 586 4041 r
883 3989 889 3998 ·
952 3983 972 4040 e

121 3471 277 3548 iimeriti
287 3469 458 3570 judicium
470 3469 567 3542 adeo
583 3463 726 3541 referat.
749 3466 1049 3562 Ideoquereprae·
1068 3511 1071 3516 -

1191 4117 1233 4262 A
