2618 4340
346 167 434 258 Da
475 169 939 257 Srncraeuata.
1157 199 1182 278 9

96 333 238 430 scripto
262 329 448 409 tsefiniturn
477 333 706 412 existimatam
752 335 903 434 Pigebat
921 332 1052 412 scilicet
1072 339 1188 416 etiam

98 437 374 534 perseverantes
403 436 440 511 in
465 437 574 510 tantis
606 437 857 532 voluptatibus
882 449 1034 532 propter
1057 437 1182 515 Deum
1281 507 1285 513 .

37 530 46 547 '
99 538 209 613 mori.
307 555 481 627 uunquam
500 535 575 610 &st
596 537 647 609 ita
663 534 775 628 esset,
808 549 881 611 tam
901 549 988 630 apto
1005 539 1180 635 confilio,

97 649 213 710 tanta
228 637 277 709 ob
311 637 422 708 'natio
440 630 803 730 disciplina-debebat
820 631 1039 728 obsequium.
1177 689 1180 692 -
1290 689 1292 702 ,

63 730 72 747 “
180 757 211 810 a.
237 735 314 831 Jam
333 753 425 808 vero
440 755 549 810 nemo
565 734 638 828 est,
665 737 817 829 quinon
837 734 912 810 hoc
926 759 1072 830 quoque
1093 757 1183 832 prae-

100 835 258 929 tendat,
286 837 407 909 omnia
423 857 445 908 a
463 835 549 910 Deo
569 832 755 930 instituta,
794 835 984 912 &honuni
1006 839 1182 913 attributa
1269 845 1273 854 '

101 933 218 1032 (srcut
237 933 497 1034 predicamus)
521 935 556 1009 δι
581 936 706 1028 utique
726 937 826 1010 bona
848 937 996 1032 omnia,
1028 937 1181 1012 utboni

101 1029 278 1110 aut‘toris:
302 1033 491 1109 inter-haec
511 1035 673 1130 deputari
687 1034 852 1110 universa
869 1035 958 1130 ista,
985 1039 1180 1130 exquibus·
1231 1086 1240 1103 ·

98 1133 303 1230 spetiacula
316 1133 536 1210 innuuntur
549 1189 567 1229 ,
593 1130 737 1210 Circum
757 1137 860 1210 verbi
879 1137 1018 1232 gratia,
1050 1137 1180 1212 &leo-

99 1255 189 1310 nem
202 1277 220 1328 ,·
241 1234 276 1308 ὄι
295 1236 389 1308 vires
410 1235 603 1331 corporis,
630 1234 665 1310 δι
686 1235 790 1308 vocis
813 1233 1017 1311 suavitates.
1067 1235 1181 1334 Igitur
1207 1243 1216 1263 ¹

8 1343 20 1358 '
101 1353 225 1426 neque
254 1334 408 1408 alienum
429 1333 547 1408 videri
570 1333 700 1429 posse,
743 1355 861 1429 neque
882 1335 1065 1410 inimicum
1083 1338 1179 1432 Dei,·

106 1433 207 1528 quod
223 1433 274 1508 de·
288 1435 502 1510 conditione
521 1434 806 1532 constet-ipsius:
833 1457 952 1530 neque
975 1437 1177 1510 cultoribus

4 1589 5 1598 a
103 1531 178 1608 Dei
198 1533 408 1628 vitandum,
435 1533 617 1628 quodDei
635 1554 712 1608 non
726 1535 768 1612 fit
781 1535 987 1630 inimicum,
1016 1535 1098 1630 quia
1108 1554 1181 1612 nac
1248 1529 1252 1536 ’
1300 1583 1303 1590 ⁴

4 1671 5 1716 1
102 1633 270 1710 alienum.
321 1634 431 1709 Plane
450 1633 486 1708 δι
505 1631 587 1728 ipsae
607 1632 864 1712 exstruffionas
880 1636 1062 1730 locorum,
1079 1635 1181 1730 quod
1222 1682 1228 1691 ·

56 1821 61 1837 ι
100 1731 214 1830 saxa,
251 1735 351 1826 quod
375 1748 579 1828 cementa,
617 1731 717 1830 quod
741 1755 952 1829 marmora,
990 1737 1090 1828 quod
1117 1749 1179 1809 co-

101 1833 235 1910 lunnae
253 1833 326 1908 Dei
350 1852 408 1908 res
430 1835 499 1908 sant
517 1889 529 1928 ,
558 1835 618 1926 qui
648 1855 691 1908 ea
713 1835 757 1908 ad
778 1833 1050 1910 instrumentum
1072 1849 1181 1910 terrae

104 1929 229 2009 dedit:
270 1933 328 2008 sed
350 1933 385 2008 ἃ
410 1935 474 2028 ipsa
495 1933 589 2008 attus
618 1931 680 2007 sub
706 1935 799 2008 eoelo
826 1933 900 2009 Dei
925 1931 1179 2033 transiguntur.

102 2037 226 2134 Quam
249 2033 385 2128 sapiens
412 2034 692 2130 argumentatrix
711 2035 786 2116 srbi¹
801 2035 949 2108 videtur
974 2035 1180 2132 ignorantia

100 2133 281 2228 humana,
319 2132 511 2228 praesertim
536 2155 617 2208 cum
641 2135 772 2233 aliquid
791 2133 969 2228 ejusmodi·
983 2137 1027 2210 de
1041 2137 1199 2234 gaudsrr

102 2235 140 2309 δι
161 2233 206 2308 de
229 2233 401 2308 frusiibus
419 2231 527 2318 seculi
549 2234 679 2308 metuit
706 2236 881 2310 amittere.
931 2235 1056 2310 Plures
1081 2235 1179 2312 deni·

102 2355 175 2428 qne
185 2335 371 2428 invenias,
388 2355 480 2428 quos
497 2336 606 2432 magis
624 2333 823 2429 periculum
839 2335 1055 2430 voluptatis,
1072 2354 1179 2429 quam

101 2435 209 2530 vitae,
239 2449 374 2512 avocet
390 2436 434 2510 ab
453 2431 633 2509 hacsesta.
684 2432 781 2508 Nam
795 2448 951 2511 mortem
970 2436 1077 2510 etiam
1096 2435 1181 2509 stul-

104 2547 165 2607 tus
180 2547 221 2609 ut
234 2535 390 2608 debitam
409 2550 487 2608 non
505 2531 731 2627 extimescit,
757 2533 990 2629 voluptatem
1004 2535 1112 2610 etiam
1129 2535 1178 2608 sa·
1202 2532 1209 2579 ³

59 2679 65 2694 ·
103 2633 208 2730 piens
228 2647 419 2708 uttantam
436 2655 514 2707 non
531 2633 735 2708 contemnit
748 2675 771 2729 ,-
791 2635 955 2708 cumalia
976 2654 1054 2710 non
1076 2635 1179 2710 sie&
1257 2678 1264 2691 ·

4 2793 5 2796 a
101 2731 214 2814 stulto
236 2729 438 2828 &sapienti
459 2733 545 2828 ritae
565 2733 704 2833 gratia,
732 2733 796 2810 nisi
819 2735 1001 2829 voluptas.
1052 2735 1177 2813 Nemo

97 2841 243 2932 negat,
272 2833 355 2930 quia
375 2855 484 2908 nemo
503 2834 648 2930 ignorat
670 2835 769 2930 quod
789 2836 889 2909 ultro
909 2849 1037 2909 natum
1056 2831 1180 2933 sugge-

101 2935 176 3028 rit,
215 2931 335 3010 Deum
367 2933 435 3008 asse
461 2933 702 3010 universitatis
724 2935 981 3029 conditorem,
1026 2957 1178 3030 eamque
1259 3022 1263 3029 .
1295 2973 1299 2986 κ

5 3057 6 3060 ‘
97 3033 372 3110 universitatem
387 3049 460 3108 tam
473 3036 628 3129 bonam,
650 3055 757 3128 quam
773 3037 911 3110 homini
927 3036 1179 3128 mancipatam.

97 3133 177 3208 Sed
200 3137 281 3228 quia
308 3157 386 3210 non
410 3135 553 3228 penitus
576 3135 698 3213 Deum
725 3150 892 3234 norunt,
930 3135 995 3209 nisi
1023 3135 1181 3208 nannaii

4 3301 6 3308 .
98 3235 211 3330 jure,
245 3255 323 3309 non
349 3235 456 3312 etiam
479 3233 676 3328 farmiiati,
709 3235 757 3309 de
777 3234 1004 3332 longinquo,
1032 3235 1177 3308 nonde

99 3335 293 3432 proximo:
319 3333 460 3410 necesse
481 3331 532 3409 est
553 3335 748 3432 ignorent,
777 3337 929 3428 qualiter
945 3331 1181 3410 administrari

102 3447 168 3510 aut
188 3437 313 3528 jubeat
332 3449 394 3510 aut
410 3433 605 3530 prohibeat
623 3455 701 3528 quae
716 3435 888 3530 instituit,
914 3435 1014 3510 srmul
1035 3435 1112 3526 qaus
1133 3433 1178 3510 stt
1217 3505 1226 3524 ,

37 3582 48 3605 .
103 3537 250 3609 aemulus
273 3557 319 3610 ex
338 3531 508 3630 diverso,
539 3535 778 3610 adulterandis
798 3537 917 3610 usibus
936 3533 1067 3608 divina
1088 3553 1189 3633 ton-¹

102 3633 276 3729 ditionis,
295 3637 377 3732 quia
394 3655 513 3729 neque
530 3637 782 3731 voluntatem,
803 3654 924 3728 neque
935 3629 1176 3710 adversarium

100 3735 256 3812 noveris
274 3737 377 3830 eius,
411 3755 518 3830 quem
535 3732 653 3810 nrinus
668 3735 832 3812 noveris.
882 3733 974 3808 Non
992 3755 1083 3830 ergo
1101 3736 1176 3808 hot

98 3832 220 3932 solunt
246 3835 508 3951 respiciendtnn
535 3833 731 4014 est‚Aquo
757 3831 881 3916 onnia
899 3834 970 3914 unt
991 3833 1177 4022 iustisttedrta,
