2616 4336
12 355 16 426 i

12 475 17 526 ι

12 673 17 726 ι

12 793 16 854 Γ

12 871 15 928 Ι

12 971 15 998 Ι

12 1005 14 1022 r

12 1113 13 1138 i

223 243 225 250 >
285 257 289 266 ·
411 179 471 288 nto
545 187 660 286 (ο)
735 183 796 287 tir
1070 168 1141 290 ut

75 379 1127 448 Q

210 495 270 650 Q.
301 478 590 622 ¹sutanum
629 535 988 624 tuouuutrs

326 672 917 866 tuuuuutrtnj
1092 821 1095 829 ,

68 935 1143 1251 unusuuuu

378 1327 554 1400 mutu
595 1329 833 1466 PledUS·
1129 1410 1133 1416 .

593 1539 626 1597 1.

69 1650 366 1826 Testimonium
388 1655 598 1755 igrorantiae
627 1657 777 1754 vestrae,
816 1677 894 1756 quae
914 1658 1141 1752 iniquitatem
1162 1692 1166 1702 ¹

167 1755 252 1827 dum
267 1755 373 1829 defen
399 1757 452 1854 it,
477 1761 656 1854 revincit,
682 1763 719 1834 in
739 1771 913 1854 promptu
933 1757 1011 1851 est,
1038 1757 1144 1848 quos
1293 1803 1294 1816 ι

71 1855 276 1946 omnesqui
301 1855 489 1930 vobiscum
509 1871 612 1934 retro
629 1861 865 1956 ignorabant,
893 1857 927 1932 δι
948 1856 1140 1934 vobiscum

13 2031 14 2040 g
71 1952 246 2048 oderant,
276 1955 375 2028 srtnul
392 1959 442 2032 eis
462 1959 746 2058 renuntiare,
774 1959 935 2034 desanuut
954 1953 1064 2032 odiise
1078 1957 1141 2050 qui

12 2055 14 2070 ¹
71 2049 233 2128 defluunt
253 2053 439 2152 ignorare:
464 2059 575 2133 immo
599 2057 746 2138 fiunt&
767 2059 829 2154 ipsr
850 2058 948 2152 quod
964 2059 1138 2152 oderant,-

71 2149 294 2246 &incipiunt
309 2153 419 2230 odiffe
436 2159 534 2250 quod
553 2159 708 2236 fuerant.
758 2161 865 2233 Adeo
882 2159 1044 2251 quotidie
1054 2157 1141 2229 ado·

68 2249 259 2326 lescentem
270 2275 458 2330 numerum
474 2257 755 2334 Christianorum
771 2259 960 2358 ingemitis.
1013 2253 1143 2334 Obses-

68 2347 137 2424 sam
157 2351 410 2428 vociferamini
432 2359 635 2449 civitatem
663 2360 825 2456 intigris,
850 2358 888 2431 in
903 2355 1073 2450 castellis,
1098 2357 1139 2430 in

69 2447 188 2526 insulis
204 2451 451 2546 Christianoss
479 2479 624 2534 ornnem
637 2459 786 2554 sexum,
812 2479 958 2534 ornnem
977 2469 1139 2550 atatem,

69 2569 215 2628 omnem
229 2551 383 2647 denique
406 2557 615 2654 dignitatem
628 2559 827 2657 transgredi
846 2581 867 2632 a
885 2557 1016 2650 vobis,
1043 2553 1139 2645 quari

69 2647 311 2747 detinente,
338 2653 487 2732 doletis:
512 2679 582 2732 nec
605 2673 725 2734 tamen
742 2661 816 2734 hoc
832 2657 909 2754 ipib
932 2657 976 2730 ad
995 2653 1138 2729 aestima·
1267 2655 1270 2668 '

69 2751 207 2826 tionem
223 2754 369 2846 alicujus
387 2758 531 2831 latentis
545 2761 634 2832 boni
649 2761 786 2834 animos
804 2758 1043 2854 promovetis.
1060 2775 1141 2830 nun

67 2845 292 2926 licetrefflus
311 2853 496 2954 suspicari,
522 2879 600 2934 non
617 2861 706 2934 libet
721 2860 872 2954 propius
891 2857 1055 2952 experiri.
1078 2854 1140 2930 hic

68 2961 207 3026 tuntum
227 2955 411 3030 curiositas
431 2959 584 3034 humana
606 2959 789 3056 torpescit
839 2959 979 3034 Amatis
994 2960 1139 3054 ignota·
1260 3031 1264 3040 .

67 3061 133 3142 te,
164 3053 265 3144 quud
285 3055 341 3128 alii
367 3058 545 3152 gaudeant
566 3057 749 3134 invenisse.
781 3060 949 3133 mavultis
974 3055 1138 3150 nescite,

71 3151 232 3242 quitiam
247 3151 389 3246 odistis,
415 3157 510 3249 quafi
529 3171 629 3232 terte
647 3181 724 3232 non
742 3159 908 3231 odituros
925 3177 995 3229 vos
1008 3153 1139 3230 sciatis.

68 3245 233 3345 Atquin,
260 3251 436 3330 srnullum
453 3257 522 3329 erit
535 3259 634 3348 odii,
660 3260 861 3352 reperietur
876 3258 1052 3351 optimum
1068 3255 1138 3326 uti·

70 3367 139 3444 que
172 3353 216 3426 ab
246 3353 414 3445 iniustitia
435 3357 560 3448 priore
594 3357 798 3432 discederet
821 3356 873 3432 fin
899 3377 991 3430 vero
1023 3349 1140 3432 causta
1254 3357 1260 3366 '

71 3447 291 3544 constiterit,
316 3453 403 3528 nihil
419 3456 507 3528 odio
523 3457 751 3532 detrahetutt
777 3455 875 3550 quod
887 3456 980 3529 adeo
989 3453 1139 3549 amplius

67 3545 205 3635 justitiae
225 3547 371 3626 scientia
393 3557 641 3634 cumulabitur.
666 3557 774 3635 uisrfi
801 3554 981 3632 emendari
1002 3553 1138 3647 pudet,

73 3658 133 3716 tut
152 3649 311 3724 excrtsari
329 3655 439 3752 piget
487 3656 572 3732 Scio
592 3660 724 3755 plane,
751 3679 820 3754 qua
831 3653 1062 3749 responsione
1083 3651 1138 3726 so·

71 3743 150 3818 letis
160 3749 407 3828 redundantia
419 3753 548 3832 nostrae
567 3758 809 3833 testimonium
820 3757 1035 3830 convenires
1059 3765 1145 3827 nou
1195 3796 1205 3811 ·

73 3843 195 3944 utique
220 3871 267 3930 eo
289 3853 427 3934 bonum
449 3859 693 4036 praejudlicati‚
726 3860 810 3952 quia
829 3857 1024 3958 pterosque
1050 3873 1137 3932 ton·

619 3977 641 4052 5
942 3965 1088 4046 vertat,
