2612 4328
242 235 308 294 'nr
335 215 468 296 Fons
494 239 548 294 ru
568 217 977 296 Paratourrorrr.
1087 233 1159 316 245

73 374 146 458 De¹
157 377 412 476 persecutione
429 401 527 454 nunc
547 381 726 475 quaritur.
779 380 884 454 Circa
902 379 996 456 hanc
1012 379 1158 464 interim

78 481 253 574 dixerim,
289 481 377 554 nihil
399 477 503 574 fieri,
537 481 611 556 sine
627 479 698 556 Dei
716 482 931 574 voluntate,
962 479 1156 574 respiciens

78 603 151 656 eam
167 581 205 654 in
226 581 346 674 primis
364 579 505 674 dignam
528 580 615 654 Deo
637 580 727 672 eise,
763 579 798 653 dt
820 594 863 656 ut
884 577 955 676 (ita
980 580 1156 678 dixerim)

74 680 300 758 necessariam
329 679 373 754 ad
399 683 655 776 probationem
680 679 813 754 scilicet
837 680 1024 756 servorum
1051 682 1154 776 ejus,

71 781 146 858 live
160 780 467 874 reprobationem.
520 779 612 880 Quis
624 781 675 852 est
691 779 784 854 enirn
807 779 923 854 exitus
935 779 1153 873 persecutio·

68 879 154 960 nis?
191 879 268 972 quis
296 877 444 952 effossus
466 878 574 970 alius,
607 877 670 952 nis1
691 879 862 974 probatio
889 878 1152 972 &reprobatio

5 1005 6 1008 ’
69 977 185 1056 fideii
203 1001 274 1072 qua
285 978 366 1052 suos
382 981 507 1072 utique
521 978 686 1052 dominus
708 975 956 1052 examinavit?
982 979 1067 1052 Hoc
1085 981 1152 1054 do.

5 1071 7 1110 *
66 1081 156 1156 mini
177 1079 352 1174 judicium
377 1077 449 1170 est,
484 1077 711 1172 persecutio,
747 1099 813 1186 per
846 1100 951 1172 quarn
984 1077 1061 1171 quis
1088 1093 1153 1162 aut

64 1181 248 1274 probatus
268 1193 330 1250 aut
355 1181 570 1272 reprobatus
592 1178 782 1272 judicatur.
833 1178 950 1252 Porro
974 1178 1149 1270 judicium

63 1277 135 1354 soli
149 1279 235 1350 Deo
252 1279 437 1373 competit
465 1279 553 1352 Haec
564 1280 644 1374 pala
657 1279 728 1370 illa,
744 1279 867 1372 qua&
882 1299 980 1352 nunc
997 1277 1150 1352 domini·

62 1397 149 1452 cam
163 1397 280 1452 aream
296 1391 444 1476 purgat,
472 1379 653 1455 ecclefiam
668 1379 822 1474 scilicet,
850 1375 1038 1456 confusum
1051 1398 1148 1455 acer-

59 1497 158 1551 vum
191 1473 347 1554 fidelium
374 1481 602 1572 eventilans,
646 1477 902 1556 &discernens
925 1477 1147 1556 frumentum

60 1591 265 1668 martyrum
292 1579 326 1652 dc
351 1581 469 1671 paleas
492 1591 719 1673 negatorum
776 1577 842 1652 Hae
876 1577 983 1654 etiam
1015 1576 1145 1673 scalae,

60 1697 153 1770 quas
170 1675 320 1750 somniat
334 1679 471 1772 Jacob,
499 1678 574 1752 aliis
588 1675 768 1750 ascensum
784 1677 820 1750 in
837 1675 1041 1770 superiora,
1067 1677 1144 1751 aliis

59 1773 272 1850 descensum
295 1777 338 1850 ad
362 1776 536 1850 inferiora
565 1775 861 1854 demonstrantes.
916 1775 976 1852 Sic
999 1775 1033 1848 dr
1058 1797 1142 1872 ago-

57 1897 147 1950 nem
166 1875 315 1973 intelligi
339 1877 435 1972 capit
454 1877 752 1972 persecutionem.
801 1873 839 1950 A
860 1897 933 1968 quo
958 1889 1143 1952 certamen
1195 1969 1199 1976 ,
1271 1917 1276 1927 ·

59 1975 239 2070 edicitur,
265 1975 327 2052 nifi
348 1999 456 2070 aquo
478 1997 617 2052 corona
634 1975 668 2052 &
685 1977 829 2071 praemia
849 1975 1138 2070 proponuntur?

58 2075 149 2172 legis
166 2074 317 2150 edidlum
333 2075 457 2176 agonis
471 2075 567 2150 istius
581 2078 620 2152 in
637 2077 881 2176 Apocalypsi,
908 2077 1035 2168 quibus
1052 2097 1140 2172 prae·
1218 2071 1221 2082 ’

57 2177 136 2250 ruiis
156 2174 202 2248 ad
217 2175 406 2252 vidioriam
422 2177 575 2272 invitet,
601 2179 664 2252 vel
677 2179 831 2254 maxime
843 2177 949 2270 illos,
976 2177 1039 2270 qui
1054 2197 1139 2271 pro·

57 2273 136 2372 prie
152 2275 330 2370 vicerint,
364 2277 401 2350 in
421 2277 696 2374 persecutione,
729 2277 914 2352 vincendo
937 2276 1059 2354 luetati
1081 2297 1158 2354 re·-

57 2393 147 2448 vera
159 2395 238 2450 non
253 2374 422 2450 adversus
436 2397 579 2452 carnem
594 2377 628 2452 ἃ
645 2377 867 2474 sanguinem,
893 2374 953 2452 sed
967 2373 1134 2450 adversus

58 2469 227 2567 spiritalia
238 2477 426 2570 nequitia,
451 2478 503 2552 ita
519 2473 689 2573 agnosces
707 2477 750 2550 ad
765 2477 919 2552 eundem
934 2475 1135 2570 agonothe-
1211 2531 1216 2549 ,

54 2585 127 2648 tam
160 2578 345 2670 pertinere
376 2578 580 2652 certaminis
605 2577 809 2670 arbitrium,
847 2575 906 2668 qui
931 2575 1065 2652 invitat
1089 2573 1134 2650 ad

56 2677 250 2768 premium.
300 2673 441 2752 Totum
457 2677 556 2768 quod
572 2677 687 2773 aginat
704 2677 742 2749 in
757 2675 1029 2770 persecutione,
1055 2675 1133 2770 glo·
1223 2733 1232 2754 .

57 2773 108 2870 ria
120 2775 194 2850 Dei
215 2775 285 2867 est,
311 2777 536 2870 probantis&
563 2775 820 2872 reprobantis,
849 2775 1068 2872 imponentis
1094 2773 1131 2852 dt

6 2935 7 2938 a
58 2871 286 2966 deponentis.
344 2877 456 2978 Quod
482 2893 601 2952 autem
623 2875 669 2952 ad
686 2877 836 2974 gloriam
854 2873 1130 2970 verpestilio,

55 2973 180 3066 utique
200 2995 243 3048 ex
261 2977 452 3050 voluntate
468 2977 562 3052 illius
579 2979 738 3056 eveniet.
778 2975 848 3053 Sed
864 2975 1008 3068 quando
1023 2973 1124 3048 Deus

55 3073 161 3170 magis
181 3073 360 3168 creditur,
385 3077 444 3150 nisi
469 3098 550 3152 cum
569 3079 681 3174 magis
695 3074 871 3154 timeturl
897 3073 960 3150 nist
978 3075 1017 3152 in
1040 3087 1128 3150 tem·

57 3189 144 3266 pore
169 3171 459 3268 persecutionis?
486 3176 632 3251 ecclesia
651 3175 690 3250 in
704 3177 864 3252 attonito
883 3173 955 3268 est,
984 3187 1072 3252 tunc
1091 3171 1128 3248 dt

56 3265 141 3346 fides
156 3273 195 3346 in
215 3273 447 3366 expeditione
463 3272 651 3350 sollicitior
671 3273 976 3368 &disciplinatior
987 3275 1022 3350 in
1033 3271 1125 3364 jeju·

57 3369 143 3466 niis‚
169 3371 449 3468 burdonibus,
470 3375 771 3468 scotationibus,
788 3375 823 3452 dr
843 3373 1062 3463 humilitate,
1086 3372 1124 3446 in

57 3469 223 3546 alterutra
243 3473 449 3569 diligentia,
483 3475 518 3547 dr
535 3473 758 3572 ‚dileilionm
786 3471 1055 3562 inmeditate,
1088 3467 1125 3548 δι

56 3565 255 3648 sobrietate.
322 3572 415 3646 Non
441 3575 537 3650 enim
559 3587 712 3648 vacatur
732 3573 795 3648 nili
825 3571 948 3648 timori
974 3571 1008 3642 ἅ
1037 3567 1123 3660 spei,

56 3663 158 3742 Adeo
173 3671 208 3746 dt
224 3693 270 3746 ex
282 3673 356 3748 boc
371 3671 449 3766 ipso
465 3671 663 3748 ostenditur
680 3673 808 3764 nobis,
834 3692 912 3750 non
929 3665 1030 3764 posse
1050 3667 1123 3748 dia.
1220 3697 1225 3709 ·

56 3765 142 3845 bolo
158 3771 322 3868 deputari
334 3793 438 3868 eam,
465 3773 543 3867 qu'ae
561 3773 731 3852 meliores
745 3771 854 3850 efficit
867 3769 940 3853 Dei
955 3763 1094 3854 servos·

369 3958 376 3976 '
544 3975 629 4078 Q3
944 3933 1072 4104 uass,
1127 3920 1131 3931 Ι
