2572 4332
163 173 221 246 4⁰.
314 144 363 250 Q.
387 141 526 224 Sara.
548 113 691 224 bnon
716 139 1086 248 saannsnrarr

162 309 422 398 tcfrafarcire,
449 309 650 386 arenosa
664 307 852 396 inducere,
880 305 1249 408 &cisternamlim

164 409 203 486 tc
218 411 372 504 cymatia
396 405 621 506 distendere,
654 411 817 489 &multa
833 409 899 486 alia
917 423 1130 487 ornamenta
1149 429 1245 504 prae-

164 525 223 590 ter
241 511 422 586 simulacra
437 509 630 604 parietibus
646 513 852 586 monitare.
903 507 979 582 Scit
1004 505 1181 602 &pidlor
1209 509 1246 588 ft

162 610 439 704 marmorarius,
466 609 501 682 dt
518 612 688 704 aerarius,
722 609 757 684 dt
778 611 980 704 quicunque
996 610 1166 704 celator,
1193 611 1246 686 la·

7 689 9 772 J
164 711 337 786 titudines
359 711 435 782 suas
460 711 584 803 utique
609 712 727 786 multo
747 709 938 787 faciliores.
991 705 1088 782 Nam
1113 709 1176 802 qui
1202 709 1247 786 st·

85 901 88 908 Ι
164 831 275 909 gnum
292 807 477 904 describit,
504 826 639 903 quanto
655 809 793 886 facilius
809 809 959 884 abacum
974 805 1081 884 liniti
1107 809 1186 909 Qui
1198 810 1246 884 dc

165 911 244 986 tilia
260 907 417 1002 Martem
435 909 637 1004 exsculpit„
671 921 806 1002 quanto
823 909 927 982 citius
941 909 1129 982 armarium
1142 929 1246 997 com·

164 1007 310 1110 pingit?
342 1009 454 1084 Nulla
473 1030 528 1084 ars
547 1031 623 1084 non
641 1011 784 1084 alterius
805 1011 911 1104 artis,
937 1021 999 1082 aut
1017 1021 1153 1099 mater,
1182 1023 1248 1084 aut

7 1193 11 1200 ¹
165 1109 372 1208 propinqua
388 1107 448 1186 est.
498 1108 599 1187 Nihil
610 1110 753 1182 alterius
768 1121 883 1184 vacat.
932 1106 1014 1184 Tot
1024 1107 1103 1182 sunt
1113 1109 1276 1200 attilam,

165 1224 294 1289 venae,
325 1225 417 1300 quot
437 1205 948 1304 hominumzeoncupiscentiae.
999 1205 1071 1280 Sed
1089 1207 1246 1282 demer-
1276 1246 1277 1320 q

168 1308 369 1384 cedibus&
384 1307 627 1404 manuspretiis
643 1305 800 1384 interest.
863 1305 1020 1383 Proinde
1038 1307 1189 1382 interest
1207 1307 1243 1382 dt
1276 1325 1277 1404 i

166 1409 216 1488 de
232 1410 369 1484 labore.
421 1405 547 1482 Minor
563 1429 701 1483 merces
718 1407 964 1500 frequentiore
985 1405 1065 1480 asin
1082 1405 1247 1502 repense·
1276 1411 1277 1422 ’

167 1521 242 1586 tur.
296 1510 402 1608 Quot
414 1511 566 1600 parietes
585 1509 678 1605 signa
693 1506 916 1582 desideranti
943 1509 1050 1607 Quot
1062 1507 1247 1600 templa&

169 1608 263 1684 edes
279 1607 387 1682 idolis
402 1603 647 1682 edificannui
671 1609 814 1683 Domus
831 1628 952 1702 vero,
978 1605 1013 1680 u
1026 1605 1249 1700 pretoria&

171 1707 302 1790 balnea
328 1706 363 1782 dt
389 1705 508 1784 insulae
534 1709 706 1801 quante?
742 1707 879 1782 Soccus
905 1707 940 1780 dt
964 1707 1057 1780 baxa
1081 1708 1250 1798 quotidie

171 1807 412 1901 deaurantur,
438 1807 642 1882 Mercurius
661 1809 848 1902 &Serapis
860 1829 936 1881 non
952 1805 1130 1898 quotidie.
1164 1805 1249 1882 Suf-

123 1900 131 1916 '
170 1905 273 1984 ficiat
288 1907 331 1978 ad
349 1905 516 1997 quaestum
537 1907 797 2001 artificiorum,
822 1907 1047 2000 frequentior
1071 1905 1124 1980 est
1145 1908 1251 1982 omni

171 2004 424 2100 superstitione
444 2007 584 2082 luxuria
607 2009 642 2082 dt
664 2009 824 2084 ambitio.
876 2007 1015 2080 Lances
1038 2003 1251 2102 &scyphos

103 2163 104 2170 .
171 2107 312 2186 facilius
324 2105 495 2202 ambitio,
521 2129 627 2200 quam
641 2105 841 2202 superstitio
856 2105 1075 2181 desiderabit.
1128 2103 1251 2204 Corp·
1277 2129 1279 2192 ,

172 2227 239 2282 nas
265 2225 411 2299 quoque
435 2210 544 2304 magis
572 2209 733 2300 luxuria,
762 2227 866 2299 quam
891 2203 1081 2280 solennitas
1106 2220 1250 2303 erogat.

58 2331 68 2342 ·
173 2303 268 2396 Cum
283 2306 392 2400 igitur
413 2307 458 2380 ad
477 2307 553 2380 haec
579 2305 963 2403 artificiorumgcnera
988 2305 1250 2404 cohortemur,

16 2459 19 2472 ,
60 2419 64 2430 ·
154 2401 254 2499 ηῑιε
274 2403 414 2480 idolum
435 2406 604 2510 quidem,
632 2407 668 2480 dr
685 2425 763 2502 quar
779 2407 882 2480 idolo
901 2402 1139 2500 competunt,
1172 2426 1252 2482 non

177 2507 380 2600 attingant,
405 2506 473 2578 lint
498 2523 615 2582 aurern
641 2507 677 2580 dr
702 2505 906 2582 hominibus
932 2505 1135 2580 communia
1159 2505 1254 2602 faepe

106 2654 111 2697 :
175 2625 256 2698 quae
271 2603 307 2678 δι
324 2603 454 2698 idolis,
480 2607 554 2681 hoc
571 2627 718 2702 quoque
733 2625 864 2680 cavere
880 2603 1070 2700 debenus,
1093 2620 1142 2680 ne
1165 2603 1254 2702 quid

64 2735 69 2746 =
176 2690 373 2781 scientibus
398 2707 503 2780 nobis
532 2709 575 2782 ab
601 2707 776 2799 aliquibus
802 2705 1033 2780 dementibus
1058 2705 1189 2780 nostris
1214 2709 1254 2782 in

176 2823 256 2878 rern
270 2802 451 2880 idolorum
467 2805 678 2900 postuletur.
731 2805 843 2905 Quod
860 2803 1198 2898 srconcelierirnus,
1217 2807 1256 2881 dt

62 2947 66 2952 ·
176 2923 256 2982 non
269 2887 434 2978 remediis
458 2922 530 2980 tam
550 2906 684 2980 usitatis
707 2908 908 3001 egerinrus,
933 2925 1010 2980 non
1028 2919 1121 2999 puto
1135 2927 1207 2981 nos
1232 2929 1255 2982 a

178 3001 353 3098 contagio
368 3003 582 3078 idololatria
598 3023 742 3098 vacare,
760 3023 913 3096 quorum
922 3025 1046 3080 manus
1059 3025 1136 3078 non
1149 3009 1256 3105 igno·

177 3103 334 3178 nantium
356 3103 393 3176 in
413 3101 536 3178 officio
549 3105 612 3182 vel
629 3107 666 3178 in
687 3106 832 3180 honore
853 3105 888 3180 dt
913 3103 977 3180 usu
992 3105 1256 3186 demoniorum

180 3201 507 3298 deprehenduntur.

255 3323 290 3397 9.
315 3297 646 3378 Animadvertimus
669 3305 763 3378 inter
782 3321 875 3378 artes
891 3301 999 3380 etiarn
1016 3302 1256 3400 professiones

182 3397 349 3496 quasdam
365 3403 543 3476 obnoxias
563 3401 788 3481 idololaniae.
839 3403 900 3478 De
918 3403 1121 3502 Astrologis
1136 3427 1184 3480 ne
1200 3405 1258 3478 lo·

155 3577 160 3592 ,
182 3499 365 3594 quendum
388 3501 528 3594 quidem
543 3499 605 3578 est.
655 3501 726 3578 Sed
748 3503 1074 3596 quoniamquidem
1089 3502 1161 3580 istis
1182 3503 1259 3578 die·

182 3599 251 3674 bus
268 3603 493 3692 provocavit
508 3599 703 3678 defendens
720 3603 783 3676 libi
805 3601 1103 3697 perseverantiam
1118 3603 1258 3698 profes·

184 3697 293 3778 nens
306 3699 424 3794 iliius,
446 3701 568 3798 paucis
585 3715 677 3778 utar.
728 3701 819 3776 Non
830 3704 945 3800 allego
958 3703 1060 3796 quod
1074 3699 1173 3776 idola
1187 3703 1259 3778 bo-

141 3889 144 3896 ,
183 3812 317 3900 noret,
342 3803 653 3898 quorumnomioa
666 3799 951 3902 coeloinfcripfin
965 3803 1095 3898 qrribua
1109 3823 1261 3982 ossrnen

1026 3971 1028 3977 ,
1170 3923 1207 3982 et
