2598 4328
98 165 104 178 ·
207 175 469 241 ,noniano
492 151 822 235 Mancrorur'nu
846 155 947 239 Ltr.
970 157 1037 236 IV·
1085 175 1159 261 475

85 315 317 414 mis,dcnon
331 317 467 395 homo:
490 317 683 416 ignominia
696 315 1166 420 hnmims,&nu11ificaman

86 417 245 518 populi:
271 429 444 512 quatenus
457 417 655 510 itavoluit,
669 431 712 492 ut
725 419 845 494 livore
858 415 1164 512 ejuasauaremur:

17 527 18 532 '
88 534 134 594 ut
164 517 346 594 dedecore
370 517 445 610 eiua
473 516 561 590 salus
585 516 705 594 nollra
728 519 916 596 constaret.
966 516 1018 594 Et
1033 520 1164 614 merito

89 617 128 714 se
147 637 223 713 pro
242 615 306 694 suo
322 617 468 692 homine
486 615 674 712 deposuit,
699 638 768 714 pro
788 619 938 717 imagine
957 617 992 692 dn
1010 615 1166 694 sunilitu·

91 717 183 794 dine
206 713 267 792 sua
281 737 397 812 „non
420 717 550 792 aliena:
573 729 681 812 tunc,
705 731 749 790 ut
769 719 936 810 quoniam
950 719 1063 795 homo
1088 737 1167 796 noa

94 819 320 908 erubuerat,
344 814 553 911 lapidem&
577 815 710 914 lignum
735 815 885 894 adorans
893 797 912 911 ³,
938 817 1061 895 eadem
1078 834 1193 896 con-¹

92 917 253 1011 stantia,
289 935 366 990 non
392 911 559 992 confusus
584 915 629 992 de
653 915 815 1009 Christo,
855 938 925 1012 pro
947 917 1167 1016 impudentia

94 1015 339 1109 idololatriae,
357 1017 446 1106 satin
468 1021 532 1086 Deo
555 1014 692 1106 fucaret,
718 1038 783 1111 per
800 1017 1052 1112 impudentiam
1068 1013 1177 1110 fidei.v

96 1115 203 1214 Quid
217 1115 348 1192 homar
368 1113 508 1190 Christo
533 1129 600 1190 tuo
621 1118 796 1212 competit
812 1115 1004 1216 Marcion,
1030 1117 1074 1192 ad
1094 1138 1167 1199 rna,-

17 1213 18 1250 ¹
94 1219 213 1292 ritum
231 1213 477 1290 confusionis?
503 1213 611 1292 Plane
628 1217 765 1314 pudere
785 1227 824 1294 to
848 1217 977 1312 debet,
1003 1216 1102 1312 quod
1126 1215 1168 1294 il-

96 1317 176 1395 lum
197 1311 271 1410 ipse
285 1310 425 1394 firnxisti.
798 1351 800 1356 .
904 1345 907 1359 ·

178 1437 237 1490 22.
262 1411 359 1488 Nam
379 1414 413 1490 dt
430 1415 503 1492 hoc
524 1416 587 1489 vol
603 1415 754 1494 maxime
770 1413 977 1492 erubescere
994 1412 1166 1516 debuisti,
1274 1462 1277 1470 ·

99 1515 206 1614 quod
220 1514 320 1588 illum
337 1537 403 1586 cum
425 1517 534 1611 Moyse
552 1515 590 1592 (Ἰ
609 1519 704 1592 Helia
725 1523 761 1586 iu
777 1514 882 1608 [θεῶν
902 1523 1020 1588 montis
1037 1517 1168 1610 cmspicr'

96 1621 249 1716 pararis,
276 1633 429 1706 quorum
458 1611 653 1694 aaronem
678 1615 882 1695 aduenerat.
930 1615 1015 1692 Hoc
1034 1611 1169 1708 scilicet

99 1711 258 1812 intelligi
279 1713 400 1788 Voluit
424 1737 489 1788 vox
512 1719 564 1786 illa
583 1717 618 1786 de
635 1715 727 1786 coelo:
768 1719 831 1786 Hic
849 1715 888 1802 eft
901 1717 998 1808 filius
1018 1741 1101 1785 meus
1122 1717 1169 1783 δι’·

100 1811 225 1898 letius,
252 1815 476 1885 luncaudire:
503 1813 540 1888 id
555 1813 629 1908 eii,
654 1835 731 1899 non
750 1813 928 1908 Moysen,
951 1815 1022 1908 lam
1042 1813 1076 1888 u
1094 1811 1170 1890 He.-

102 1917 201 2010 liam.
251 1907 349 2010 Ergo
376 1911 567 1992 sufficiebat
594 1937 671 1990 vox
703 1911 800 2008 sola,
829 1913 902 1992 fine
927 1911 1170 2010 ostentatione

101 2011 231 2106 Moysr
252 2013 289 2088 dt
309 2011 432 2092 Helia.
489 2011 708 2090 Definiendo
734 2016 833 2090 enim-
855 2037 959 2110 quem
983 2014 1145 2090 audirent

106 2111 341 2208 quoscumque
374 2115 463 2194 alins
494 2111 663 2192 vetuill‘e't
698 2113 820 2192 audiri.
895 2113 974 2188 Aut
1007 2067 1170 2208 uunquid

106 2211 247 2290 Eldana
265 2211 299 2286 ἀ
316 2213 556 2308 Hieremiam,
582 2227 827 2308 caeterosque,
853 2235 944 2306 quos
962 2235 1038 2290 non
1054 2211 1171 2285 osten·

110 2313 186 2404 dit,
210 2311 366 2406 permitit
379 2313 512 2407 audiri,
537 2313 723 2406 sructult,
747 2333 838 2404 quos
861 2308 1041 2391 ostendit?
1059 2309 1171 2404 Nunc

105 2411 187 2490 dall
202 2408 383 2505 prasentia
397 2415 541 2495 illorum
566 2400 635 2492 fuit
650 2410 862 2504 macellaria,
896 2433 974 2486 uon
991 2411 1116 2504 utique
1133 2409 1173 2506 ing

111 2511 302 2606 colloquio
322 2511 614 2605 ostenderentur,
640 2511 738 2604 quod
750 2511 991 2588 familiaritatis
1004 2505 1174 2610 indicium

109 2609 193 2708 cst,
217 2631 286 2691 nec
305 2613 344 2688 in
363 2611 547 2692 consortio
568 2612 758 2704 claritatis,
784 2611 883 2704 quod
905 2609 1116 2710 dignationis
1137 2607 1174 2698 da

108 2713 236 2814 gratim
258 2729 359 2790 exem
398 2735 458 2790 um
480 2711 557 2786 esta
590 2709 650 2786 sod
674 2711 709 2786 u
731 2712 769 2786 in
791 2709 951 2786 sordibus
975 2711 1172 2820 aliquibus,

109 2811 216 2908 quod
231 2809 346 2888 deum
382 2813 474 2888 'onir
491 2824 737 2910 argumentum
754 2809 828 2906 ost,
861 2814 935 2888 imo
956 2811 994 2886 in
1014 2809 1173 2906 tenebris

114 2913 312 3006 creatoris,
331 2913 457 3006 quibua
468 2911 692 2988 discutiendis
702 2924 779 2988 erat
792 2909 930 3006 millun,
946 2913 1055 3010 longe
1068 2909 1175 3009 etiam

116 3008 297 3106 discreti-a
316 3013 475 3087 claritate
498 3009 653 3106 Christi,
678 3013 738 3106 qui
759 3032 873 3088 voces
897 3011 931 3086 dc
951 3011 1069 3086 literas
1084 3003 1174 3102 ipsae

109 3131 245 3204 ,eorum
268 3109 313 3186 ab
340 3109 541 3210 Evangelio
565 3107 629 3188 suo
662 3123 739 3188 erat
767 3112 998 3210 separaturus.
1054 3105 1176 3204 Siccine

113 3213 255 3292 alienior
272 3206 490 3303 demonstrat
506 3211 608 3305 illoa,
634 3209 717 3286 dum
737 3209 853 3286 sacrun
870 3207 1009 3288 habet?
1041 3207 1099 3282 Sic
1119 3227 1175 3286 ree

120 3409 280 3488 deradiis
293 3405 542 3486 suiaexltrmtl
567 3409 666 3516 Quid
678 3409 815 3484 laceret
828 3407 984 3486 christus
993 3405 1148 3502 ipsorum

17 3563 18 3624 ἢ
119 3510 268 3603 Credo,
299 3507 490 3606 secundum
509 3509 805 3608 pervenitatem,
836 3513 924 3586 tales
943 3529 1006 3584 eoa
1026 3503 1149 3584 revela

17 3635 18 3706 ξ
117 3607 203 3703 fet„
225 3609 347 3704 quales
372 3605 528 3686 Christus
549 3606 747 3684 Marcionis
764 3609 961 3686 debuillct:
992 3621 1055 3684 aut
1073 3603 1175 3704 quoi}

17 3765 18 3768 a
119 3731 265 3803 *cunque
281 3702 519 3804 aliossecrmr,
543 3729 646 3803 quam
661 3711 854 3808 prophetas
868 3708 961 3790 soon.
1011 3703 1178 3802 Sedquid

17 3853 18 3906 ᾗ
123 3820 197 3894 un
220 3807 377 3916 Catillus
402 3807 597 3912 maiorm,
621 3831 724 3908 quam
744 3807 862 3886 secum
885 3807 1073 3986 ostergau
1090 3827 1177 3906 pra·
1277 3807 1282 3831 ·’

114 3307 331 3406 linquendus
341 3306 474 3404 docet,
493 3309 654 3403 quossrbi
664 3309 805 3406 jumgiti
829 3311 888 3386 Sic
901 3307 1067 3401 destruit,
1083 3323 1177 3580 quo}
