2572 4332
4 65 11 76 “
113 47 543 164 Aeotooaprcus
574 89 1184 186 aaveasuseanrar·119‚,

45 229 206 305 mainus
223 227 371 326 legitimi
386 231 645 325 existimamur,
672 231 753 326 quia
771 233 868 306 nulla
886 233 930 305 de
949 231 1071 318 nostra
1090 234 1178 317 sta,
1225 253 1229 303 ς

4 341 6 380 ³
47 332 261 403 comitate
283 329 453 424 tragoedia
484 332 683 424 exclamat,
717 332 778 406 vel
802 333 884 426 quia
907 351 951 406 ex
973 331 1179 408 substantia

4 441 6 490 ῐ
50 427 251 504 familiari
276 429 404 504 fratres
430 429 568 524 sumus,
598 453 809 528 quaeppcnes
829 454 899 505 vos
926 425 1008 513 fere
1030 431 1165 508 dirimit

49 530 361 608 fraternitatem.
429 533 551 625 ltaque
577 533 669 624 quia.
683 531 802 608 animo
829 533 1014 628 animaque
1039 531 1165 606 nisce·

51 649 188 723 mur,
216 630 304 704 nihil
321 629 365 704 de
380 632 431 704 rei
453 631 781 706 communicatione
800 631 1013 708 dubitamus.
1040 627 1175 724 omnla'
1270 697 1274 710 .

49 728 278 806 indiscreta
292 725 373 830 siant
390 732 482 825 apud
500 711 588 824 rios,
615 745 745 828 prater
754 751 907 805 uxores:
933 731 971 804 in
985 727 1054 805 isto
1072 728 1180 816 loc'o'
1239 769 1242 778 ·

53 828 314 906 consortium
338 827 535 926 salvinus,
575 831 612 906 in
643 851 716 926 quo
742 829 821 906 solo
858 829 969 906 ceteri
995 823 1176 906 homines'

54 929 310 1006 consortium
328 944 511 1008 exercent.
538 931 597 1026 qui
620 951 697 1004 non
716 933 911 1006 amicorum
933 927 1163 1006 solummodo

53 1029 316 1108 matrimonia
340 1027 529 1125 usurpant,
559 1027 891 1122 redoleamus
915 1029 1164 1128 patientiliime

54 1129 369 1225 subministrant,
396 1133 519 1204 exilia
541 1129 699 1230 (credo)
714 1131 890 1224 maiorum
908 1129 943 1206 dt
964 1128 1163 1226 sapientiffi·
1255 1155 1259 1165 ’

56 1249 230 1307 mortun
244 1225 425 1326 disciplina
440 1229 555 1305 Graeci
573 1229 733 1304 Socratis
755 1229 790 1304 dt
808 1227 962 1306 Romani
985 1227 1162 1326 Catonis,

58 1331 139 1427 qui
181 1349 319 1404 uxores
352 1327 428 1404 suas
454 1331 573 1406 amicis
600 1331 984 1420 communicaverunt,
1011 1329 1097 1428 quas
1122 1329 1162 1406 in
1226 1359 1229 1366 Δ

58 1431 352 1512 matrimonium
369 1431 544 1505 duxerant
558 1429 755 1506 liberorum
767 1427 900 1526 caasfl‘a,
928 1427 1064 1520 &alibi
1084 1449 1171 1504 cre·-

61 1531 288 1626 andorum‘,
315 1527 437 1604 nescio
463 1530 606 1624 quidem
630 1551 675 1604 an
700 1531 850 1604 invitasr
881 1527 966 1624 quid
992 1529 1087 1624 enirn
1114 1527 1161 1604 de

64 1629 250 1708 castitate
275 1643 468 1726 narrarent,
504 1651 610 1724 quam
633 1629 751 1706 mariti
772 1645 845 1704 tam
869 1627 974 1704 facile
1000 1625 1169 1706 donive:

60 1729 194 1808 tanti
222 1726 451 1828 Osapientiae
466 1731 622 1828 Attice,
650 1749 674 1803 o
700 1729 872 1803 Romane
893 1727 1080 1824 gravitatis
1099 1749 1168 1830 ess.u

66 1831 262 1924 emplum!
289 1831 396 1909 Leno
413 1827 464 1904 est
479 1827 714 1926 philosophus
741 1829 775 1904 δι
796 1825 933 1904 censor.
959 1825 1044 1923 quid
1070 1847 1109 1901 er
1134 1849 1167 1933 o

65 1930 253 2014 mirumli
269 1941 369 2006 tanta
385 1931 536 2006 charitas
554 1927 801 2004 convivatur?
834 1927 981 2010 Nam&
1002 1949 1077 2000 coen
1120 1949 1168 2025 as·

68 2029 224 2106 nostras
284 2043 494 2124 ratesquam
524 2027 666 2104 sceleris
685 2021 876 2124 infames,
914 2041 970 2124 ut
988 2021 1167 2126 prodigas*

67 2151 233 2228 quoque
247 2053 448 2228 dignitatis.
475 2129 519 2203 de
539 2131 647 2204 nobis
669 2127 805 2206 scilicet
825 2127 1003 2225 Diogenis
1027 2115 1169 2228 diuum
1231 2125 1235 2132 “

70 2230 156 2328 est,
192 2227 419 2325 Megarenses
446 2229 651 2326 obsonant,
684 2229 779 2324 quasi
805 2225 955 2304 crastina
975 2225 1031 2302 die
1049 2226 1161 2302 mori-
1205 2271 1211 2282 ·

69 2331 178 2423 tisri,
216 2325 393 2406 edificant
415 2351 509 2404 vero
535 2329 629 2423 quafi
653 2349 834 2423 nunquam
858 2327 1037 2404 morituri.
1087 2321 1168 2400 Sed

71 2429 249 2528 stipulam
267 2429 344 2522 quis
363 2430 399 2504 in
415 2429 534 2526 alieno
551 2431 662 2504 oculo
680 2427 819 2503 facilius
834 2423 1023 2524 perspicit,
1050 2443 1165 2518 quarn¹

70 2523 114 2606 in
135 2529 205 2604 suo
226 2531 375 2606 trabem.
426 2527 507 2606 Tot
530 2531 716 2624 tribubus,
741 2525 776 2602 &
794 2527 921 2620 curiis,
947 2519 1163 2624 &decurrit

71 2627 305 2704 ructantibus
325 2623 455 2708 acescit
472 2635 547 2706 air.
594 2627 695 2703 Saliis
713 2625 903 2701 coenanrris
916 2621 1076 2701 creditor
1089 2621 1160 2698 erit

70 2723 308 2806 neeeffarius.
359 2729 643 2804 Herculanarum
673 2725 888 2804 decimarum
920 2721 1159 2822 &pollutio-

979 2823 983 2831 l

72 2851 162 2926 rum
177 2827 310 2904 summas
324 2829 489 2926 tabanensi
497 2829 762 2924 supputabant:
788 2824 972 2922 Apaturiis
1014 2823 1159 2918 Diony·

73 2929 152 3024 sris,
180 2927 356 3022 mysteriis
373 2929 521 3024 Atticis,
547 2949 750 3023 coquorum
764 2923 921 3002 delcdtus
939 2879 1159 3030 indicentur,

75 3027 142 3102 Ad
167 3027 306 3106 fumum
336 3049 445 3104 coenae
468 3029 665 3126 Serapiacae
695 3025 864 3124 sparteoli
889 3023 1159 3124 excitabuntur,

75 3117 142 3209 De
170 3125 251 3204 solo
277 3129 434 3212 triclinio
467 3127 748 3206 Christianorum
771 3123 994 3202 retrabantr.
1044 3116 1158 3196 Coena

79 3223 209 3305 nostra
223 3226 267 3300 de
280 3231 428 3304 nomine
442 3229 622 3309 rationem
646 3223 698 3302 sui
713 3224 880 3302 ostendit.
930 3223 972 3298 ld
997 3226 1160 3316 vocatur

81 3328 185 3418 quod
223 3327 366 3408 meato
387 3349 516 3425 ,penes
552 3323 701 3402 Grecos
740 3323 802 3402 est.
860 3319 1157 3426 Quantiscunque'
1254 3413 1264 3433 .

82 3421 281 3524 sumptibus
296 3427 459 3522 constet,
484 3429 623 3514 laterum
637 3423 689 3500 est
706 3423 849 3524 pietatis
865 3423 1016 3500 nomine
1034 3415 1157 3499 faama*

82 3521 273 3624 sumptum.
297 3525 612 3626 siquideminopes
635 3547 781 3620 quoque
798 3521 987 3694 refrigerio
1008 3512 1078 3594 isto
1105 3520 1155 3592 'u·
1281 3607 1282 3616 .

78 3641 235 3721 ¹vernus,
256 3629 335 3708 non
351 3648 420 3722 qua
429 3647 543 3726 penes
561 3648 632 3700 vos
645 3625 785 3720 parasiti
802 3621 872 3698 affe
908 3631 993 3722 ant,
1019 3617 1064 3696 ad
1075 3641 1099 3718 g
1113 3639 1154 3692 o·

86 3723 174 3802 nam
191 3723 404 3818 santuandae
429 3725 616 3904 libertatils1
630 3721 694 3802 sub
714 3723 988 3824 ,auctoramento
1011 3719 1156 3832 venuit

4 3843 5 3854 ‘
639 3845 665 3918 4
1009 3821 1106 3912 intes
