2616 4336
196 170 243 272 Q.
267 165 405 270 Sues.
433 141 569 268 stom
595 165 966 248 Tsnruntraur

151 331 326 426 Tiberio,
369 326 549 426 disciplina
572 332 647 423 eJus
668 331 820 404 inluxit:
856 329 918 404 sub
937 329 1117 425 Nerone,

128 435 224 508 natio
241 433 415 525 invaluit,
442 447 483 504 ut
493 431 566 524 jam
583 433 667 504 hinc
684 431 727 503 de
745 429 897 525 persona
911 429 1119 524 persecuto-

128 531 342 626 ·onderetis,
368 531 488 624 fipius
504 531 563 605 ille
577 531 765 626 princeps,
792 530 890 622 impii
908 529 1117 620 Christiani,

128 631 215 728 stru,
242 629 416 723 srcastus,
443 629 609 724 injusti&
626 629 750 702 incesti
770 627 973 706 Christiani:
999 629 1119 704 srnon
1158 640 1165 652 '

128 733 155 812 is
174 733 359 824 publicus,
386 751 455 803 nos
472 731 606 826 publici
626 729 770 804 hostes:
798 731 918 820 quales
939 729 1042 802 fimus
1059 729 1120 802 da·

128 847 188 902 tor
204 829 275 924 ipse
291 829 569 924 demonstravit,
597 833 723 922 utique
733 831 858 902 aemula
872 829 933 902 libi
947 831 1097 922 puniens
1107 849 1126 904 τ’

128 953 219 1004 tmen
237 931 426 1024 permansit
452 930 554 1001 erasis
577 931 770 1022 omnibus,
794 927 870 1000 hoc
890 928 1004 1002 solum
1023 927 1120 1002 insti·

128 1053 163 1103 m
178 1029 447 1104 Neronianum:
476 1028 607 1122 justum
629 1029 805 1122 denique,
840 1041 882 1098 ut
897 1029 1050 1102 dilllmile
1066 1028 1119 1100 sui

128 1131 209 1204 oris.
262 1129 375 1226 igitur
384 1132 480 1201 aetati
491 1127 620 1200 nostrae
633 1121 794 1200 nondum
807 1127 889 1200 anni
900 1125 1005 1201 CCL.
1035 1125 1120 1200 Tot

128 1233 156 1302 ri
181 1229 341 1321 interea,
376 1242 436 1300 tot
469 1247 606 1300 cruces.
628 1227 853 1300 divinitatem
890 1226 1117 1320 consecutae,

128 1325 276 1400 *nunde
288 1328 495 1422 trucidatae,
522 1339 582 1399 tot
601 1347 710 1421 panes
731 1325 929 1419 cruentati,
955 1338 1015 1411 tot
1033 1325 1120 1398 stra·

131 1429 376 1520 lucernarum,
409 1436 469 1500 tot
503 1445 644 1500 errores
675 1427 899 1520 nuptiarum:
934 1425 968 1498 ἃ
1000 1425 1118 1499 adhuc

128 1527 246 1599 ,stianis
265 1525 340 1602 sola
355 1521 447 1600 fama
462 1527 634 1602 decernit.
686 1527 809 1620 Habet
830 1521 972 1618 quidem
984 1525 1131 1620 grande'

128 1627 316 1702 lamentum
330 1627 374 1700 de
388 1627 483 1700 vitio
493 1627 625 1723 ingenii
637 1623 801 1718 hannani,
816 1623 955 1698 felicius
972 1627 1009 1696 in
1019 1645 1120 1698 acer*

128 1727 372 1820 atrocibusque
387 1729 580 1818 mentitur3
606 1742 743 1820 quanto
760 1726 852 1798 enim
865 1725 975 1818 proni
989 1725 1031 1797 ad
1044 1747 1119 1798 nra·

128 1849 177 1918 n,
213 1839 317 1898 tanto
337 1825 381 1900 ad
396 1827 478 1900 mali
494 1823 601 1900 fidem
625 1827 823 1920 opportuni
839 1823 942 1918 estis,
976 1823 1133 1916 facilius

131 1946 199 2016 que
219 1923 307 1998 falso
331 1927 451 2019 malo,
491 1947 596 2018 quam
616 1947 709 2016 vero
733 1928 834 1998 bono
861 1924 1027 1998 creditur.
1079 1923 1118 1998 Si

128 2039 286 2098 ntamen
303 2025 397 2118 apud
416 2047 485 2098 vos
503 2025 701 2119 prudentie
716 2027 839 2099 locum
855 2025 1022 2120 iniquitas
1034 2025 1118 2096 reli-

128 2121 200 2218 Tet,
240 2125 283 2198 ad
302 2125 558 2218 explorandam
578 2125 679 2200 fama
702 2121 810 2200 fidem
834 2124 960 2218 utique
982 2122 1121 2215 justitia

128 2225 217 2300 :ebat
234 2223 428 2318 dispicere,
455 2228 614 2318 aquibus
628 2223 800 2319 potuisset
815 2223 953 2297 samain
970 2224 1121 2318 vulgus,

128 2345 146 2395 a
161 2323 198 2396 in
215 2337 336 2398 totum
349 2327 477 2398 orbern
494 2325 578 2401 dari.
629 2325 690 2400 Ab
706 2325 785 2418 ipsrs
801 2325 895 2416 enim
911 2319 1119 2420 Christianis

138 2426 297 2518 opinor,
326 2445 406 2500 cum
422 2426 546 2498 velex
565 2425 684 2500 forma
701 2445 742 2497 ae
760 2426 840 2520 lege
861 2425 1022 2497 omnium
1038 2443 1121 2516 my-

130 2543 234 2598 orum
247 2524 373 2596 silentii
387 2521 475 2598 fides
492 2525 686 2602 debeatur:
707 2539 842 2618 quanto
853 2525 961 2620 magis
975 2523 1119 2616 talium,

143 2623 289 2714 prodita
312 2645 390 2696 non
415 2627 595 2698 evitarent
618 2626 762 2700 interim
785 2625 937 2699 humana
962 2621 1124 2696 animad-

128 2721 212 2794 ione
227 2721 506 2815 praesentaneum
521 2723 740 2820 supplicium.
792 2723 828 2796 Si
850 2743 937 2820 ergo
958 2742 1034 2794 non
1052 2721 1121 2816 ipsi

128 2821 252 2894 litores
272 2821 346 2916 sui,
374 2819 531 2914 sequitur
546 2840 589 2896 ut
608 2825 778 2898 extranei.
832 2822 913 2896 Oro
931 2841 1027 2914 vos,
1056 2843 1123 2894 ex·

128 2919 176 2991 eis
195 2911 293 2994 unde
310 2921 468 2996 notitia?
496 2943 576 2998 cunr
595 2926 701 2998 etiam
717 2923 808 3018 justa
823 2921 857 2996 dt
872 2923 969 2994 licita
986 2919 1122 3014 mystea

129 3041 273 3093 onmem
299 3023 433 3094 arbitrii
460 3037 667 3097 extraneum
693 3019 874 3097 caveant?
905 3021 967 3100 nisr
992 3021 1124 3094 inclita

128 3141 160 3192 ‚ts
193 3117 376 3212 spernunt.
438 3122 579 3213 Atquin
613 3125 791 3198 extraneis
824 3135 897 3196 tam
928 3119 1123 3194 honorare

128 3240 149 3289 n
174 3217 381 3316 confingere
401 3223 509 3318 magis
541 3227 807 3316 competit
835 3221 1122 3296 domesticorum

128 3319 227 3390 osrtas
245 3317 362 3394 furata
380 3320 430 3394 est
448 3343 514 3416 per
529 3325 671 3396 rimulas
694 3325 728 3396 dt
749 3323 932 3398 cavernas.
986 3314 1125 3424 Quid?

151 3415 336 3492 domestici
361 3443 426 3494 eos
452 3421 572 3498 vobis
581 3421 774 3515 prodant?
810 3445 936 3496 omnes
963 3442 984 3494 a
1008 3422 1125 3494 nullis

128 3519 150 3588 is
165 3518 373 3614 prodimur,
400 3523 680 3620 quantomagis,
707 3525 732 3598 fi
747 3527 918 3596 atrocitas
931 3532 1033 3606 tanta
1049 3523 1122 3616 fit,

138 3615 272 3727 justitia
295 3617 547 3715 indignationis
569 3643 712 3696 omnem
734 3621 979 3698 familiaritatis
1006 3619 1124 3696 fidem

128 3727 198 3810 prt,
241 3735 318 3788 non
351 3719 516 3810 potuerit
556 3724 777 3818 continere,
812 3723 912 3816 quod
948 3723 1123 3818 horruit,

128 3832 160 3884 s:
186 3813 286 3906 quod
300 3821 469 3913 expavit,
500 3819 664 3896 oculus?
686 3822 776 3896 ,Hoc
794 3843 939 3918 quoque
960 3825 1121 3916 mirum,

459 3941 464 3954 ·
944 3956 948 3965 ·
1036 3925 1067 3999 st
