2598 4328
22 201 27 212 .
146 156 220 250 444
279 149 332 252 Q.
358 147 493 224 serr.
516 145 661 224 Fnon.
688 123 1053 226 Terrunnrnnr

147 275 235 390 dein
249 309 379 384 venio
397 308 564 402 quoniam
578 309 697 400 placet
715 309 763 384 illi
784 309 864 401 quia
883 319 1025 381 creator
1041 307 1200 386 indulsit:
1285 381 1286 410 ᾗ

148 410 313 506 quoniam
329 410 372 481 de
390 410 553 502 exemplo
572 393 696 501 ejus&
714 407 785 506 ipse
795 408 866 482 tan‘r
883 407 1002 482 bonus
1022 407 1089 482 est:
1114 411 1199 484 ideo
1283 461 1286 510 Ξ

37 575 40 580 ,
126 511 281 600 ¹alienus
296 505 345 582 est
359 529 379 580 a
391 505 577 580 creatore?
606 509 730 578 Exinde
742 509 908 598 observant
916 511 1081 604 pharisei,
1094 510 1125 604 fi
1138 536 1200 580 me·
1276 521 1286 606 ’ξ

146 611 268 681 sicinae
280 607 419 697 sabbatis
435 623 552 701 ageret,
576 624 613 676 ur
626 605 804 696 accusarent
817 633 902 692 eum,
928 619 1109 699 certeque
1125 605 1200 682 seb-

145 709 221 786 bati
241 703 513 799 destruetorem,
545 699 621 779 non
646 727 714 798 qua
738 707 829 780 novi
853 703 922 780 Dei
945 705 1199 800 professorem:
1284 761 1286 774 .

145 805 291 884 sortasse
313 806 406 878 enim
427 807 523 880 hunc
543 803 656 882 solum
675 807 859 880 articrdum
875 805 1006 897 ubique
1025 807 1198 901 ingeram,

146 907 251 980 aliurn
260 903 432 978 Christum
443 905 607 996 nusquam
618 906 853 999 praedicatum.
891 903 932 978 ln
946 917 1198 980 toturnantem

145 1007 317 1084 orabunt
328 1001 481 1096 pharisei
496 1005 589 1076 circa
605 1003 875 1100 sabbatiiegcm,
891 1025 966 1075 non
981 1005 1200 1078 animadver-

145 1116 278 1195 tentes,
296 1103 584 1176 conditionaliter
596 1124 671 1177 eam
685 1099 1016 1178 indicentem'ierias
1033 1123 1199 1196 operum,

142 1199 207 1290 sub
225 1199 449 1294 certaspecie
467 1221 601 1302 eorum.
648 1201 745 1276 Nam
763 1221 842 1278 cum
863 1201 907 1274 de
924 1201 981 1276 die
997 1199 1129 1278 sabbati
1149 1203 1198 1274 di·
1285 1259 1286 1270 a

145 1301 214 1396 eit,
231 1300 347 1374 Omne
361 1319 450 1392 opus
463 1313 563 1376 tuum
575 1307 650 1374 non
663 1301 770 1374 facies
783 1302 820 1374 in
836 1321 894 1374 ea:
914 1301 1065 1372 dicendo
1081 1311 1198 1394 tuum,

143 1397 190 1474 de
205 1401 359 1474 humano
381 1419 492 1490 opere
512 1395 670 1494 definiit,
703 1399 800 1492 quod
820 1399 962 1491 quisque
981 1419 1026 1472 ex
1045 1397 1199 1474 artificio
1285 1491 1286 1500 ἵ

142 1501 206 1574 vel
225 1499 375 1596 negotio
391 1496 455 1570 'suo
481 1499 705 1592 exsequitur,
737 1519 812 1574 non
832 1499 875 1572 de
899 1499 1033 1572 divino.
1093 1498 1197 1592 Opus

143 1604 261 1672 eutem
283 1593 399 1670 ulum
421 1595 483 1669 &i
510 1599 745 1690 columitatis,
776 1616 853 1672 non
871 1595 922 1671 est
936 1597 1110 1691 hominis,
1137 1598 1198 1672 sed

141 1695 215 1774 Dei
235 1697 445 1790 proprinm3
478 1619 567 1770 cht
589 1695 754 1772 &rursus
778 1696 815 1770 in
838 1690 933 1792 lege:
958 1693 1048 1770 Non
1070 1696 1199 1792 facies,
1284 1771 1286 1778 ,

140 1795 276 1890 inquit,
302 1814 409 1867 omne
427 1814 517 1890 opus
534 1797 570 1868 in
589 1819 649 1888 ea,
674 1795 735 1870 nisi
753 1793 849 1888 quod
863 1793 926 1869 fiet
946 1795 1041 1868 omni
1061 1799 1196 1882 animae,
1232 1835 1234 1840 ·

140 1893 279 1988 idest,
313 1893 349 1966 in
375 1891 475 1968 causa
500 1895 621 1968 enimae
644 1895 842 1970 liberandae.
893 1895 986 1995 Quia
1011 1915 1101 1988 opus
1122 1892 1197 1970 Dei

141 1993 248 2070 etiam
270 2011 333 2086 per
354 1993 534 2066 hominem
553 1989 630 2066 fieri
651 1993 770 2087 potest
787 1996 824 2066 in
845 1991 989 2066 salutem
1010 1997 1149 2088 anime,
1176 2019 1200 2068 a

140 2089 391 2181 Deovtamen,
424 2092 519 2182 quod
539 2090 692 2166 sadum
710 2092 826 2166 meret
842 2091 875 2165 dr
892 2091 1047 2164 Christus
1068 2096 1205 2188 home,

143 2191 225 2288 quia
244 2189 278 2262 dr
299 2189 410 2264 Deus.
472 2189 515 2263 In
538 2191 633 2264 hurrc
657 2211 743 2286 ergo
766 2189 899 2265 sensum
920 2192 1006 2287 legis
1028 2193 1201 2268 inducere

141 2291 271 2365 volens
292 2289 395 2380 illos,
429 2309 493 2380 per
513 2289 812 2366 manusaresadtae
834 2289 1116 2386 restitutionem,
1144 2293 1200 2364 in·
1284 2355 1286 2368 ς

37 2417 48 2439 ²
142 2400 322 2485 terrogat,
351 2393 481 2458 Licetne
494 2389 628 2476 [tribuis
646 2391 836 2483 benefacere,
863 2415 906 2462 oo
922 2388 1014 2462 noos
1046 2396 1223 2464 Animem'

140 2489 298 2578 siserare,
312 2485 508 2583 deperdere?
530 2489 994 2584 Utidoperispromittens,
1012 2491 1107 2580 quod
1126 2513 1200 2586 pro

141 2589 256 2696 enimc
271 2585 423 2662 fedurus
442 2585 547 2682 esset,
574 2589 781 2662 admoneret
795 2611 881 2681 eos,
908 2609 1106 2686 quaenopera
1124 2589 1202 2666 sab·

139 2687 215 2770 bati
236 2687 294 2760 lex
314 2686 544 2780 prohiberet,
573 2691 723 2762 humana
745 2685 887 2762 scilicet.
938 2685 988 2760 Et
1012 2709 1086 2778 quae
1110 2715 1200 2782 prae-
1281 2691 1284 2698 '

140 2783 304 2878 ciperet,
342 2783 461 2858 divina
488 2786 648 2880 scilicet,
687 2806 762 2878 quae
786 2784 918 2860 fierent⁴
938 2788 1198 2872 animaeomni.

139 2879 317 2963 Dominus
335 2879 467 2956 sabbati
480 2885 610 2981 didus,
630 2887 710 2978 quia
725 2887 922 2980 sabbatim,
942 2899 983 2957 ut
998 2907 1071 2960 rem
1085 2885 1199 2984 suam,

138 2983 316 3060 tuebatur.
378 2983 488 3082 Quod
511 2986 617 3060 etiam
636 2986 661 3058 fi
682 2980 920 3077 destruxisset,
945 2988 1098 3079 merite,
1126 3009 1200 3079 qua

138 3081 318 3172 Dominus
338 3085 446 3180 magis
463 3083 543 3179 ille,
568 3083 627 3177 qui
647 3081 805 3159 instituit.
867 3083 935 3156 Sed
950 3088 1025 3158 non
1045 3087 1198 3162 omnino

138 3181 309 3262 destruxit
330 3203 398 3276 qua
413 3181 680 3273 Dominus„ut
699 3183 782 3257 hinc
801 3183 871 3275 jam
886 3203 1057 3278 apparere
1074 3185 1196 3281 possit,
1249 3273 1254 3280 m

137 3303 185 3366 ne
196 3297 272 3356 tum
288 3281 427 3374 quidem
444 3283 479 3355 in
498 3303 585 3357 arca,
601 3283 868 3356 circumlatione
880 3284 971 3376 apud
982 3282 1195 3358 Hierichun-

138 3396 212 3466 tem
233 3381 409 3456 sabbatum
432 3405 450 3453 a
473 3397 635 3454 creatore
657 3380 877 3456 destruetum.
936 3381 1030 3456 Nam
1054 3383 1091 3452 &¹
1105 3383 1195 3458 illud

138 3502 229 3576 opus
244 3483 314 3555 Dei
328 3491 423 3572 erat,
443 3481 539 3570 quod
552 3481 623 3575 ipse
636 3497 868 3574 preceperat,
886 3479 1029 3574 &quod
1043 3491 1196 3573 propter
1278 3507 1281 3514 ’

136 3584 267 3660 animas
303 3577 517 3674 disposuerat
546 3582 729 3655 hominum
754 3577 897 3656 suorum
926 3584 961 3652 in
997 3577 1195 3654 discrimine

136 3679 221 3766 belli
237 3677 456 3753 constitutas.
515 3679 583 3752 Sed
601 3681 632 3752 dr
648 3681 672 3754 s1
690 3679 809 3754 odium
825 3677 951 3754 alicubi
964 3677 1192 3756 sabbatorum

136 3775 309 3886 ptosesi'us
331 3777 406 3880 est,
439 3777 557 3860 vestre
575 3779 716 3859 sabbata
739 3777 912 3874 dicendo,
946 3779 1128 3952 hominum
1151 3776 1206 3854 ea'

1059 3899 1176 3974 epu-2·
