2608 4338
131 177 163 264 .’
216 151 826 278 nove-risus‘tsunctouert.
849 199 951 280 Ltn.
976 199 1026 282 V.
1093 209 1165 298 553

83 352 196 438 'utam
213 369 248 434 in
259 367 323 436 Hei
330 363 574 460 fitpienric'nt'm
586 363 750 434 intellexit
763 364 900 436 mundus
908 385 967 462 pet
977 367 1168 461 sapientiam

99 469 283 552 dominum,
309 463 604 547 inclusionem,
621 483 675 558 per
689 463 855 554 {iuditium
861 465 1096 565 predicationis
1105 464 1167 551 sal·

98 591 163 636 vos
180 564 288 658 faeere
308 559 474 634 eicientes.
526 562 597 636 Sed
615 563 711 659 prius
728 561 772 636 de
786 562 1166 660 inundo'disccptabo',

98 665 278 760 quatenus
291 662 495 739 tertullini
512 661 668 740 heretici
688 663 748 738 hic
770 665 832 738 vel
849 665 1001 739 maxime
1019 667 1169 736 mundun

97 783 169 864 per
187 763 368 838 dominum
393 763 515 836 mundi
541 763 846 858 interpretantem
872 783 941 837 nos
963 763 1193 866 automno-¹

98 865 234 938 minem
250 864 310 958 qui
323 862 365 936 iit
380 863 416 936 in
430 863 564 938 mundo
581 863 831 960 intelligimus,
857 885 901 938 ex
919 861 1169 957 formesnnpli

104 965 143 1036 ci
157 963 310 1056 loquele
325 963 505 1057 humente,
531 983 600 1058 que
614 965 823 1058 plerunque
838 964 874 1038 id
891 961 988 1058 quod
1003 964 1170 1037 continet
1190 1007 1193 1020 ·

99 1063 273 1159 ponimus
290 1081 359 1160 pro
382 1083 428 1158 eo
449 1061 546 1156 qu‘od
566 1063 784 1136 continetur.
834 1061 958 1136 Circus
973 1065 1170 1152 clintum,

99 1163 138 1238 dc
156 1159 277 1254 forum
295 1163 458 1237 locutum
475 1161 546 1255 est,
566 1161 600 1236 te
618 1161 757 1236 basilica
771 1160 931 1236 stertuit:
957 1159 1079 1256 idest,
1107 1163 1170 1255 qui

100 1263 142 1338 in
160 1263 214 1335 his
232 1261 322 1334 locis
340 1281 417 1334 rem
441 1275 599 1360 egerunt.
634 1260 781 1358 Ἰξίων,
814 1263 895 1354 quia
920 1263 1056 1351 homo,
1088 1275 1169 1335 non
1278 1258 1281 1269 '

98 1359 205 1453 Deus
239 1359 388 1452 mundi,
423 1361 460 1436 in
501 1359 670 1455 sapientia
700 1373 777 1434 non
811 1363 990 1456 cognovit
1021 1360 1167 1456 Deum,

102 1479 213 1554 quem
242 1457 461 1558 cognoscere
486 1459 678 1552 debuerat,
711 1459 746 1547 ἀ
772 1460 914 1558 Judaeus
934 1461 973 1534 in
995 1459 1167 1553 sapientie

98 1557 380 1654 scripturarum,
418 1561 452 1634 dt
481 1559 600 1634 omnis
630 1579 715 1654 gens
737 1559 774 1630 in
799 1557 968 1652 sapientia
992 1579 1167 1654 operumt

99 1659 189 1734 ideo
212 1659 314 1732 Deus
332 1658 455 1750 idem,
487 1659 598 1754 quiin
617 1657 785 1752 sapientia
807 1657 864 1734 sua
881 1681 956 1733 non
980 1673 1057 1733 erat
1074 1660 1168 1756 ugni·

97 1773 186 1832 tus:
224 1755 346 1834 statuit
376 1755 578 1852 sapientiam
610 1758 796 1832 hominum
812 1758 971 1834 stultitia
1001 1777 1167 1855 repercu-

95 1871 212 1950 tere,
250 1853 369 1930 salvos
397 1855 563 1934 iaciendo
584 1859 771 1932 credentes
796 1857 989 1952 quosque,
1024 1859 1061 1932 in
1086 1857 1168 1934 stul·

98 1973 176 2030 tam
197 1955 314 2029 crucis
329 1957 631 2052 predicationem.
686 1963 846 2048 Quoniam
869 1963 979 2056 Juiaei
993 1961 1079 2050 fignn
1099 1960 1170 2058 defit

101 2061 232 2138 derant,
250 2055 310 2150 qui
323 2055 393 2150 jun
414 2057 458 2130 de
477 2057 563 2132 Deo
585 2059 671 2133 certi
686 2057 754 2132 eise
770 2057 988 2133 debuerant:
1014 2061 1053 2136 ct
1070 2062 1171 2131 Greci

97 2159 461 2254 firpientienquarunt
486 2160 546 2250 qui
560 2153 653 2232 suunt
666 2155 814 2249 scilicet,
838 2176 914 2232 non
927 2159 1014 2250 Dei,
1039 2157 1172 2254 snpien-

104 2257 191 2330 tiam
206 2253 338 2332 srstunt.
389 2253 565 2330 Ceterum
586 2256 611 2328 [ι
632 2275 751 2328 nouus
771 2253 873 2328 Deus
896 2257 1170 2355 prediceretur,

106 2357 192 2450 quid
207 2347 430 2448 deliquerent
441 2353 565 2452 Judaei,
590 2353 684 2451 signe
700 2353 934 2428 desiderantes
953 2355 1080 2448 quibus
1097 2377 1172 2430 cre-

18 2451 20 2458 ’
105 2451 263 2542 tierent?
288 2451 367 2530 Aut
389 2451 505 2528 Greci
527 2451 738 2548 sapientiam
753 2451 948 2550 sedentes,
982 2457 1041 2528 cui
1062 2457 1172 2553 magio
1210 2497 1215 2509 ι

105 2551 320 2630 crederent?
344 2553 400 2628 Ita'
415 2555 703 2629 &remuneratio
717 2549 789 2647 ipse
804 2555 841 2628 in
861 2553 1002 2649 Judaeoe
1025 2553 1171 2630 &orez

105 2675 193 2748 eos,
219 2653 414 2728 &zeloten
428 2653 545 2727 Deum
561 2647 750 2728 confirmat
769 2653 804 2726 te
821 2653 1003 2746 iudicent,
1050 2655 1111 2750 qui
1125 2668 1172 2730 ert

104 2753 345 2830 retributione
363 2755 487 2832 enula
504 2751 694 2847 dijudico,
719 2751 951 2828 infatuaverit
969 2753 1173 2850 sapientiem

105 2851 240 2932 mundi.
292 2853 441 2954 Quodsi
457 2853 533 2947 ejus
546 2851 673 2926 sunt&
688 2852 816 2944 cause,
841 2853 941 2946 cujus
958 2855 1170 2930 adhibentur

105 2951 306 3050 scripture,
334 2973 422 3052 ergo
438 2953 482 3028 de
495 2952 581 3028 Deo
597 2951 749 3028 noeane
763 2951 960 3046 Apostolus
974 2973 1051 3028 non
1066 2953 1173 3026 intel«

103 3052 213 3145 nuo,
240 3053 284 3128 de
298 3067 463 3130 creatore
476 3049 600 3152 utique
614 3052 723 3126 docet
737 3051 1015 3148 intelligendum.
1050 3049 1173 3130 Etiam

107 3152 207 3244 quod
215 3153 396 3240 scandiam
420 3155 544 3248 Judaeis
557 3152 726 3248 praedicat
742 3151 919 3246 christum:
944 3149 1173 3248 prophetiam‘

107 3249 210 3346 super
219 3249 286 3326 illo
297 3251 481 3350 configunt
497 3253 683 3343 creatoris,
694 3251 845 3326 dicentis
860 3268 925 3346 per
932 3247 1087 3327 Esaiam:
1103 3247 1171 3323 Ee·

111 3373 152 3426 ce
166 3351 268 3445 posui
284 3353 323 3426 in
336 3351 425 3426 Sion
439 3351 589 3446 lapidem
603 3348 871 3444 offendente&
906 3363 1016 3425 etrurn
1032 3349 1173 3426 scanda-

18 3451 19 3454 '
108 3451 150 3526 li:
175 3463 278 3546 petra
298 3447 700 3540 autemfuitChristus3
732 3449 838 3526 etiem
899 3449 1022 3524 arcion
1040 3449 1170 3530 iuvat.-

113 3551 210 3652 Quid
229 3551 280 3628 est
296 3563 414 3638 autem
427 3553 560 3646 fluitem
579 3551 659 3634 Dei,
681 3545 857 3650 supientiae
874 3553 1085 3646 hominibus,
1109 3551 1173 3628 niss

113 3671 202 3726 crux
219 3651 255 3726 dt
272 3671 370 3726 mors
390 3649 548 3726 Christi?
575 3648 674 3757 Quid
693 3654 854 3740 infirment
873 3653 936 3720 Dei
946 3703 956 3738 ‚
975 3651 1101 3746 sortitus
1118 3655 1174 3723 lec·

111 3753 213 3834 mine,
238 3751 299 3828 nist
311 3749 480 3826 nativitas
498 3751 533 3822 dt
548 3771 632 3850 cero
647 3749 744 3827 Deli
769 3749 964 3846 Ceterum,
988 3751 1098 3834 stnec
1113 3755 1173 3828 ne2

110 3851 401 3958 morentiae,
425 3847 701 3973 ebutium&
728 3843 1105 3944 menofantus,
1132 3867 1174 3922 tc
1283 3901 1286 3918 ·
