2612 4328
138 237 209 313 302
288 211 337 309 Q.
361 205 501 283 Sarr.
526 174 673 282 Fron.
698 201 1067 282 Terrutttaur

136 369 428 474 patrocinabitur
444 369 578 466 nobis,
603 381 735 464 utpote
758 389 836 462 qua
847 380 970 442 totum
988 363 1118 442 statum
1135 369 1222 444 vin·

138 477 237 554 dicet
254 469 468 573 divinitatis.
522 469 756 542 Conveniens
784 468 902 562 enim,
929 469 964 541 δι
984 467 1224 560 quodammo-

141 577 191 652 do
222 570 352 666 injedta
382 593 490 644 manu
514 572 677 644 detinens
713 565 906 642 adversarii
938 565 1102 663 sensum,
1140 589 1224 646 non

138 675 302 772 negantis
329 685 533 747 creatorem
555 669 699 763 Deum,
735 667 911 762 Justissrme
928 667 1119 763 prescribo
1144 673 1223 766 illi,

140 773 340 854 diversrtati
364 775 486 846 locum
510 793 588 844 non
614 769 684 844 esse
709 769 921 860 intereos,
955 769 1017 861 qui
1041 791 1087 842 ex
1113 793 1224 864 aequo

111 950 114 962 ,
138 875 245 952 Deos
266 870 469 966 confessus,
494 893 572 945 non
592 869 713 966 potest
733 870 853 944 facere
878 867 1051 946 diversos.
1102 869 1223 966 Non,

141 972 391 1072 quianon&
421 973 585 1048 homines
611 972 698 1044 licet
727 969 789 1044 sub
818 970 942 1046 eadem
976 972 1225 1064 appellatione

114 1157 116 1164 ,
142 1073 389 1158 diversrffimos
410 1071 509 1159 esse,
543 1070 603 1145 sed
622 1073 703 1164 quia
720 1071 821 1146 Deus
840 1091 917 1144 non
933 1071 1006 1144 ‘erit
1024 1070 1223 1167 dicendus,

70 1175 73 1179 ’
142 1178 226 1271 quia
237 1195 307 1248 nec
324 1172 538 1267 credendus,
555 1171 619 1248 nist
634 1169 805 1246 summum
819 1190 997 1267 magnum.
1024 1169 1115 1246 Cum
1130 1193 1223 1269 ergo

140 1277 314 1352 summum
322 1293 489 1369 magnum
500 1283 652 1368 cogatur
664 1268 871 1366 agnoscere,
887 1291 995 1363 quem
1005 1270 1128 1346 Deum
1143 1293 1225 1348 non

142 1387 272 1472 negat,
297 1393 375 1448 non
388 1372 510 1467 potest
524 1371 682 1464 admitti,
698 1385 742 1443 ut
759 1370 895 1444 summo
916 1391 1049 1468 magno
1068 1373 1225 1464 aliquam

142 1475 320 1555 adscribat
345 1472 642 1566 diminutionem,
676 1493 746 1564 qua
773 1471 979 1564 subjiciatur
1003 1473 1062 1548 alii
1082 1469 1224 1548 summo

73 1575 75 1582 ’
141 1595 285 1674 magno.
336 1569 916 1666 Definirenim,s1subjiciatur.
966 1569 1057 1646 Non
1086 1571 1137 1646 est
1163 1595 1226 1646 au-

141 1691 219 1752 tem
235 1673 323 1768 Dei,
343 1673 501 1748 desinere
520 1671 564 1746 de
579 1671 672 1748 statrr
686 1668 773 1764 suo,
799 1671 836 1744 id
853 1671 905 1747 est
918 1671 962 1746 de
978 1669 1113 1746 summo
1127 1693 1226 1768 mag-

24 1769 27 1787 '
141 1799 206 1856 nn.
257 1773 355 1850 Nam
376 1775 412 1848 dt
438 1774 477 1847 in
503 1772 568 1846 illo
591 1772 676 1844 Deo
702 1773 875 1868 potiore,
900 1771 1095 1866 periclitari
1116 1786 1225 1866 pote-

142 1881 191 1956 rit
211 1873 384 1950 summum
402 1893 590 1972 magnum,
616 1871 643 1946 sr
661 1871 859 1967 depretiari
873 1873 969 1964 capit
987 1873 1025 1944 in
1042 1885 1222 1952 creatore.

120 1979 200 2076 ¹Ita
226 1997 308 2049 ctam
331 1973 406 2048 duo
436 1971 499 2046 Dii
519 1972 806 2066 pronunciantur
825 1969 898 2044 duo
917 1967 1051 2046 summa
1069 1993 1224 2069 magna,

101 2118 106 2127 ·
142 2073 285 2152 necesse
307 2073 360 2148 est
380 2085 548 2146 neutrum
569 2071 684 2147 altero
709 2084 771 2146 nut
790 2071 902 2165 majus
926 2069 970 2146 srt
999 2073 1224 2167 autminus,

143 2189 295 2254 neutum
327 2174 443 2248 altero
475 2187 538 2246 aut
569 2169 749 2246 sublimius
783 2185 846 2246 aut
879 2169 1059 2264 dejeoius.
1114 2166 1226 2270 Nega

143 2277 291 2369 Deum,
317 2295 427 2367 quem
446 2273 534 2346 dicis
550 2271 783 2348 deteriorem.
833 2269 940 2370 Nega
957 2269 1130 2346 summum
1150 2294 1225 2346 ma·

194 2399 256 2452 um
269 2429 300 2470 ,.
321 2397 428 2467 quem
450 2371 565 2446 credis
582 2373 772 2446 minorem.
822 2369 944 2446 Deum
962 2392 1056 2444 vero
1083 2371 1226 2448 confes·

46 2513 50 2524 ·
161 2499 204 2552 us
220 2489 434 2568 utrumque,
468 2473 542 2547 duo
563 2470 839 2570 summamagna
859 2469 1106 2548 confessuros.
1157 2471 1227 2548 Ni·

145 2579 198 2654 hil
219 2577 322 2650 alteri
350 2573 505 2668 adimes,
540 2586 601 2646 aut
626 2574 728 2646 alteri
755 2569 943 2649 adscribes.
1008 2567 1227 2670 Agnoscent

94 2712 105 2745 l
147 2676 399 2768 diuinitatem,
430 2671 564 2770 negasti
585 2673 837 2747 diversrtatem.

112 2791 116 2800 ’
222 2797 257 2871 7.
282 2771 459 2850 Tentabis
474 2773 517 2846 ad
533 2774 609 2846 haec
631 2772 676 2845 de
692 2773 841 2848 nomine
860 2771 934 2846 Dei
952 2783 1152 2848 concutere
1170 2795 1231 2850 re·

123 2875 357 2961 atrabatum,
381 2888 425 2946 ut
448 2873 610 2968 paffivo,
637 2871 732 2946 &in
755 2873 844 2950 alios
868 2893 1015 2968 quoque
1032 2871 1229 2972 permisso,

148 2978 233 3074 quia
247 2975 418 3073 scriptum
430 2972 488 3047 fit:
518 2977 607 3045 Deus
626 2978 763 3047 Deorum
772 2977 865 3070 fierit
886 2981 924 3044 in
939 2975 1052 3070 eccsessa
1071 2979 1228 3066 Deorum,

147 3081 187 3156 in
205 3077 328 3154 medio
346 3087 466 3148 autem
488 3071 593 3146 Deos
623 3069 852 3166 dijudicavit:
877 3067 952 3167 Et,
976 3101 1030 3167 ego,
1046 3076 1140 3154 dixi,
1167 3101 1230 3148 vos

149 3183 216 3256 Dii
228 3180 306 3276 ofin.
332 3173 416 3250 Nec
429 3187 551 3248 tamen
562 3173 700 3248 idcirco
711 3173 761 3248 eis
771 3172 1127 3271 competatposseffio
1135 3175 1230 3250 surn-

147 3279 198 3358 mi
223 3276 364 3374 magni,
392 3277 474 3368 quia
495 3273 567 3348 Dei
596 3274 931 3372 cognominentur,
963 3275 1013 3348 ita
1033 3297 1102 3348 nec
1127 3295 1230 3354 crea·

146 3379 235 3456 tori.
286 3373 588 3470 Respondebo&
613 3371 746 3467 stulto,
773 3375 834 3468 qui
854 3395 923 3448 nec
948 3373 1025 3448 hoc
1048 3376 1230 3472 recogita·

145 3481 266 3572 verit,
291 3497 338 3552 ne
356 3475 567 3548 tantumdem
584 3473 619 3545 dc
638 3473 676 3547 in
695 3471 816 3548 Deum
833 3473 1032 3548 Marcionis
1048 3475 1155 3569 possit
1170 3497 1230 3550 re·

149 3577 336 3671 torqueri,
361 3589 404 3648 ut
422 3575 458 3648 oa
476 3575 577 3650 illum
590 3573 712 3656 Deum
734 3571 887 3668 dissum,
912 3597 982 3650 nec
1003 3573 1089 3648 ideo
1105 3590 1231 3652 tamen

145 3675 319 3760 summurn
341 3693 508 3772 magnum
521 3674 739 3768 probatum,
763 3674 854 3749 ficut
865 3695 935 3748 nec
954 3675 1070 3771 angeli
1083 3688 1146 3750 aut
1154 3677 1234 3750 bo·

145 3778 260 3852 rnines
286 3775 471 3849 creatoris.
536 3771 574 3848 Si
601 3775 810 3855 communio
831 3777 1019 3852 nominum
1045 3775 1232 3852 conditio·

147 3875 254 3954 nibus
269 3875 501 3976 prejudicat,
525 3874 652 3979 quanti
668 3895 824 3976 nequam
844 3869 939 3952 servi
961 3879 1234 4050 regumpomi·

1071 3995 1111 4049 m
1137 3997 1181 4053 us
