2616 4336
218 255 262 327 '.
351 269 934 352 anNa'rronur.L1u.1.
1111 227 1186 382 163⁸

102 435 277 541 presedo
307 437 409 530 urbi,
444 437 601 532 judicata
630 437 822 532 punitione
852 448 993 530 reama,
1028 436 1182 538 fortuita

100 537 322 638 negligentia
348 539 518 610 comitata
554 539 646 610 ultra
675 538 819 629 januam
849 535 1053 634 progressus
1087 541 1204 638 iter,.

100 641 406 740 pretereuntibus
426 636 555 709 traditas
572 637 683 710 domo
703 637 847 714 excidit.
901 635 1181 738 Graeculus(vel

101 767 125 818 a
146 739 289 837 limine)
319 739 486 812 Graecnlo
510 757 613 810 more
638 751 846 832 captaverat
874 734 1077 837 (intrans.)
1093 739 1181 818 inde

101 853 261 916 mutatae
292 838 384 912 Asiae
411 851 516 911 atate
540 837 694 912 Romam
722 839 760 910 in
793 837 975 911 venalicio
1009 841 1182 922 reseratu.

102 939 203 1027 Eunt
228 938 431 1034 imprudens
459 951 580 1028 pater,
618 936 790 1010 &utitur
815 935 956 1012 Graeco.
1006 939 1182 1037 Dehinc,

101 1055 147 1114 ut
167 1038 305 1132 vestra,
332 1035 596 1110 adolescentem
613 1037 779 1112 dominus
795 1037 834 1110 in
847 1058 968 1134 agrum
985 1037 1180 1125 &vincula

83 1144 211 1236 legat
262 1139 340 1215 Illic
363 1137 436 1230 jam
462 1135 594 1210 dudum
615 1137 830 1234 pedagogus
852 1137 1030 1218 &nutrix
1055 1161 1182 1233 penae

103 1242 247 1314 dabant.
298 1235 583 1332 Repraesentatur
605 1238 655 1310 eis
681 1249 762 1310 tota
779 1234 914 1328 caussa,
944 1238 1109 1328 ,referunt
1127 1239 1183 1314 in·

104 1341 229 1414 vicem
254 1337 370 1412 exitus
394 1335 489 1411 suos.
540 1336 618 1430 illi,
656 1336 755 1430 quod
779 1337 939 1410 alumnus
965 1337 1002 1409 in
1025 1339 1183 1432 pueritia

102 1436 273 1534 periisset
323 1437 412 1530 Ille,
448 1434 483 1512 se
503 1457 648 1530 quoque
669 1436 859 1530 apueaitia
883 1435 1021 1530 perisse.
1074 1436 1186 1514 Cete·
1254 1459 1256 1468 ‘

103 1539 206 1632 rum',
251 1535 380 1612 eodem
413 1549 552 1610 eventu
583 1535 707 1610 Romae
733 1553 856 1610 nanim
880 1536 1029 1612 honesta
1054 1538 1183 1617 domu.

103 1639 269 1718 Forsitan
295 1636 330 1710 u
355 1637 450 1732 ligna
475 1635 634 1730 quaedam
666 1636 875 1710 retexuerit.
935 1635 1069 1731 igitur,
1104 1637 1184 1722 Dei

104 1739 326 1829 voluntate,
365 1749 409 1810 ut
439 1749 539 1810 tanta
561 1733 682 1810 seculo
715 1735 853 1820 macula
878 1739 1182 1831 exprobraretur,

104 1837 249 1932 spiritus
266 1835 311 1908 de
330 1835 388 1910 die
406 1835 590 1913 concutit:
616 1851 782 1928 tempora
806 1855 887 1909 cum
908 1849 1011 1908 aetate
1032 1833 1184 1932 respon·

105 1937 217 2029 dent,
251 1935 382 2028 aliquid
414 1935 572 2008 &oculi
597 1933 641 2010 de
663 1935 886 2010 lineamentis
919 1937 1182 2032 recordantur,

103 2037 348 2132 proprietates
366 2033 614 2110 nonnullam
632 2056 789 2129 corpore
806 2032 1049 2112 recensentur.
1098 2037 1183 2116 Do.-

104 2137 248 2230 minos,
274 2135 383 2210 manre
399 2137 472 2228 jam
486 2149 676 2228 parentes,
713 2148 853 2208 tannim
870 2137 1021 2228 prolata
1042 2137 1185 2230 inquist-

104 2239 220 2312 tionis
245 2236 428 2331 diligentia
451 2235 612 2329 impellit.
664 2233 903 2328 Investigatur
929 2240 1183 2328 venaliciarius,

104 2335 302 2412 infeliciter
320 2335 516 2409 invenitur.
566 2333 748 2423 Revelato
766 2331 923 2426 scelere,
954 2351 1123 2428 parentes
1141 2335 1184 2414 sa·

106 2437 148 2512 bi
172 2437 302 2528 laqueo
326 2435 525 2510 medentum.
576 2433 681 2506 Bona
698 2431 775 2507 filio
795 2435 886 2508 male
903 2432 1079 2526 superstiti
1095 2437 1186 2530 praess
1219 2451 1221 2456 ⁴

106 2535 222 2617 festus
240 2533 424 2627 adscribit,
451 2555 528 2608 non
553 2535 598 2608 ad
622 2534 876 2625 hereditatem,
902 2529 962 2606 sed
987 2534 1032 2606 ad
1054 2533 1186 2628 stipen-

107 2636 209 2714 dium
225 2633 336 2728 stupri
363 2632 547 2708 &incesti.
598 2632 690 2706 Satis
716 2647 927 2707 cratonum
950 2632 1042 2708 istud
1064 2655 1186 2710 exem·

106 2737 210 2831 plum
226 2735 385 2828 publice}
396 2732 649 2808 erubescentiae
664 2731 836 2826 ejusmodi
857 2731 1028 2806 scelerum
1046 2731 1187 2810 delites·

107 2835 270 2908 centium
282 2836 320 2908 in
337 2835 456 2910 vobis.
507 2831 610 2909 Nihil
628 2831 733 2907 semel
750 2833 875 2906 evenit
889 2833 925 2906 in
938 2834 1045 2908 rebus
1062 2833 1185 2910 huma

78 2961 84 2972 ·
107 2936 189 3023 nis;
214 2931 321 3007 semel
338 2935 444 3027 plane
460 2934 536 3010 erui
553 2931 684 3027 potest.
734 2931 794 3008 De
810 2930 1036 3007 sacramentis
1052 2935 1185 3013 nostrae
1237 2941 1240 2954 '

14 3047 17 3058 ’
58 3033 305 3134 ᾳείἱςίοῃὶε
322 3033 456 3126 opinor
485 3035 682 3110 intentatis.
732 3032 783 3105 Et
813 3029 895 3106 sunt
926 3035 1023 3127 paria
1055 3033 1185 3114 velitis

107 3134 316 3210 eumitren
332 3131 568 3208 sacramentis.
710 3201 732 3214 ,,

191 3254 247 3326 17.
271 3232 331 3308 De
348 3233 647 3306 obstinationibus
673 3252 791 3324 vero,
817 3231 879 3306 vel
904 3230 1187 3325 praesumptioni-

108 3337 201 3428 bus,
223 3332 332 3425 siqua
345 3334 574 3426 proponitis,
601 3355 648 3406 ne
661 3331 732 3406 istae
748 3332 891 3424 quidem
903 3333 947 3404 ad
961 3335 1189 3408 communio·

108 3455 197 3512 netn
214 3433 497 3526 comparationis
521 3432 696 3508 absrltmt.
748 3431 864 3505 Prima
896 3433 1089 3506 obstinatio
1113 3433 1185 3528 est,

109 3555 192 3629 qssae
205 3532 362 3606 sectanda
375 3535 419 3607 ab
440 3534 490 3606 eis
503 3534 630 3626 religio
647 3531 877 3604 constituitur
894 3530 1096 3618 Celerianae
1113 3555 1186 3606 rna-

24 3668 29 3676 ·
107 3631 268 3728 jestatis,
301 3633 403 3724 quod
422 3633 605 3726 irreligiosi
631 3633 788 3706 dicamur
807 3632 845 3704 in
868 3630 1042 3724 Caesares,
1067 3653 1188 3724 neque

109 3733 282 3828 imagines
297 3753 425 3806 eorum
435 3732 730 3826 repropitiando,
754 3753 872 3825 neque
885 3734 1012 3829 genios
1028 3732 1189 3825 dejeran-
1215 3757 1219 3765 ’

111 3835 166 3918 do
180 3832 301 3908 hostes
316 3836 442 3925 populi
458 3852 717 3923 nuncupamur.
769 3832 1009 3924 treveron,
1037 3853 1117 3904 curn
1139 3853 1188 3906 erc

112 3931 225 4008 vobis
248 3934 457 4015 amonitus
479 3932 652 4114 quetidie⁴
669 3927 854 4030 Caesores,
886 3931 1125 4108 &Pmffiddi
1151 3931 1188 4022 dc

37 4068 42 4087 .
677 4053 698 4109 2
1067 4053 1086 4107 e
1124 4071 1140 4093 ·
