2612 4328
186 249 189 259 '
226 277 484 337 anurnsus
512 255 845 333 Mancrorrrn.
872 249 975 334 er.
999 255 1027 336 i.
1085 283 1172 357 ¹301

4 409 7 424 '
98 421 176 522 Jam
193 439 292 496 nunc
311 421 384 494 duo
401 417 537 496 summa
553 439 699 516 magna,
727 419 800 494 duo
819 419 939 513 paria,
977 421 1035 492 cui
1053 441 1174 514 operar

95 523 245 620 precio,
282 522 339 594 cui
366 523 614 596 emolumento
643 519 929 612 deputarentur?
956 519 1042 612 quid
1064 523 1173 595 inter-

3 631 5 640 '
94 622 166 698 suit
197 623 363 716 numeri,
400 642 483 694 enm
513 619 586 692 duo
618 619 718 712 paria
753 639 830 692 non
863 617 1032 694 differant
1061 621 1173 695 unos

3 729 4 732 ’
92 721 180 796 Una
194 723 288 798 eninr
303 742 360 794 res
381 719 459 814 est,
487 741 565 812 quae
581 717 705 794 eadem
718 721 756 792 in
775 719 916 792 duobus
933 721 1006 810 est3
1034 719 1172 818 Etiam,

3 911 5 918 Α
92 821 237 914 srplura
254 819 367 896 essent
382 821 500 913 paria,
527 819 738 894 tantundem
756 821 877 894 omnia
889 839 1001 894 unum
1014 819 1171 913 fuissent,

2 949 9 979 r
90 923 195 997 nullo
214 923 309 996 inter
324 919 359 992 se
377 915 603 1012 differendo,
631 939 700 1011 qua
714 919 821 1011 paria
871 917 1011 1014 Porro,
1037 921 1060 994 sr
1083 943 1172 998 neu.

90 1035 190 1096 trum
211 1043 256 1094 ex
280 1019 422 1092 duobus
442 1021 557 1092 altero
584 1019 714 1112 distat,
744 1019 816 1112 jam
840 1033 883 1092 ut
910 1019 1016 1092 ambo
1039 1017 1172 1098 summa
1222 1041 1228 1048 ·

3 1115 5 1126 ’
87 1143 245 1218 magna,
273 1124 343 1212 qua
358 1119 430 1194 Dei
450 1119 580 1210 ambo,
604 1131 773 1194 neutrum
790 1120 870 1212 plus
886 1121 1002 1192 altero
1016 1120 1169 1218 praestat,

1 1226 7 1286 ὲ
86 1223 228 1296 nullam
250 1221 428 1294 rationem
454 1217 592 1292 numeri
613 1217 664 1292 sui
692 1217 909 1312 ostendunt,
928 1219 1171 1312 'prestantium

86 1341 172 1395 non
191 1321 376 1394 habentes.
427 1317 609 1396 Numerus
623 1331 743 1392 autern
758 1319 955 1392 divinitatis
969 1319 1101 1394 summa
1116 1339 1170 1394 ra·
1276 1327 1280 1335 “

88 1421 198 1494 tione
224 1419 386 1492 constare
404 1419 575 1513 deberet,
602 1420 665 1492 vel
682 1420 851 1511 quoniam
871 1417 906 1492 dt
928 1419 1068 1493 ctrltura
1091 1421 1169 1514 ejus

86 1523 269 1614 inanceps
280 1519 531 1594 deduceretur.
569 1515 668 1592 Ecce
679 1517 875 1592 enimduos
888 1521 1031 1594 intuens
1048 1517 1168 1614 Deos,
1257 1544 1259 1552 ·

0 1642 3 1673 s
86 1635 167 1694 tarn
180 1639 305 1714 pares,
327 1639 433 1712 quam
452 1619 525 1692 duo
541 1617 673 1694 summa
683 1639 830 1714 magna,
847 1619 932 1710 quid
947 1617 1123 1714 facerem,
1141 1619 1168 1695 sr

0 1744 1 1751 ¹
86 1723 217 1794 ambos
229 1717 416 1792 colerem?
430 1719 614 1812 Vererer,
630 1739 676 1790 ne
691 1717 907 1790 abnndantia
924 1715 1032 1790 officii
1050 1717 1168 1812 super·

85 1817 322 1911 stitiopotius
335 1837 439 1910 quam
451 1817 580 1914 religio
592 1815 871 1910 existimaretur,
893 1818 975 1910 quia
985 1817 1076 1890 duos
1093 1833 1169 1896 tam

85 1939 217 2014 pares,
244 1915 335 1991 &in
354 1920 470 1992 altero
495 1920 643 2007 ambos,
666 1913 802 2010 possem
821 1915 857 1990 in
872 1937 949 1992 uno
972 1919 1167 1994 demereri:

1 2037 2 2040 ‘
87 2021 166 2094 hoc
182 2015 294 2112 ipsum
309 2016 516 2108 testimonio
532 2017 696 2114 prestans
710 2017 878 2112 parilitati
901 2017 936 2090 ἃ
956 2017 1086 2092 unitati
1104 2039 1168 2093 eo-

85 2137 195 2212 rum,
222 2117 306 2191 dum
323 2117 473 2192 alterum
489 2117 525 2192 in
543 2119 658 2191 altero
679 2135 896 2208 venerarer,
930 2117 1014 2190 dum
1031 2117 1068 2190 in
1088 2139 1164 2194 uno
1214 2184 1220 2199 ,

86 2219 175 2294 mihi
197 2218 270 2290 dno
293 2213 385 2292 sunt.
437 2215 473 2290 Si
494 2221 645 2292 alterum
665 2215 845 2310 colerem,
873 2239 971 2308 aeque
988 2219 1166 2314 recogita-

1 2315 2 2344 *
85 2338 188 2412 rem,
222 2339 269 2392 ne
289 2313 493 2391 suffundere
515 2319 661 2390 viderer
685 2317 823 2390 numeri
845 2315 1066 2407 vanitatem,
1092 2318 1166 2392 stne

86 2415 292 2492 differentia
309 2414 546 2510 supervacui,
571 2417 645 2490 hoc
663 2413 739 2508 est,
767 2427 809 2486 ut
832 2417 944 2486 tutius
964 2413 1164 2512 censerem,

86 2531 259 2594 neutrum
278 2516 493 2611 colendum,
519 2535 624 2608 quam
639 2517 789 2590 alterurn
811 2531 892 2588 curn
913 2514 1079 2609 scrupulo
1103 2535 1165 2588 co·

1 2675 2 2682 a
85 2617 257 2712 lendum,
284 2629 347 2690 aut
365 2617 490 2692 ambos
504 2637 611 2690 vane.
721 2651 724 2661 ·

164 2721 199 2792 6.
225 2717 285 2790 Sic
310 2715 427 2790 adhuc
451 2716 618 2790 videmur
643 2713 841 2816 disputare,
876 2713 969 2807 quasi
991 2711 1163 2792 Marcion

86 2817 183 2892 duos
200 2837 301 2913 pares
324 2815 528 2894 constituat.
553 2813 650 2890 Nam
671 2815 755 2890 dum
772 2813 1015 2910 defendimus,
1041 2815 1164 2892 Deum

1 2971 3 2989 .
88 2916 261 2999 summum
294 2937 461 3014 magnum
491 2917 638 2992 unicum
666 2913 764 2990 credi
794 2925 997 3008 oportere,
1041 2919 1163 3010 exclu-

88 3017 217 3092 dentes
235 3017 338 3090 abeo
362 3017 596 3112 parilitatem,
615 3021 800 3109 'tanquam
834 3015 878 3087 de
904 3013 1044 3088 duobus
1072 3016 1175 3110 paris

1 3135 3 3186 ;
88 3115 181 3210 bus,
216 3113 260 3190 de
280 3117 333 3190 his
358 3113 649 3204 retradiavirnu53
665 3115 906 3190 nihilominus
930 3129 1071 3207 tamen,
1098 3115 1163 3188 do-

1 3271 3 3298 .
88 3215 234 3307 cendo,
258 3237 361 3310 pares
381 3215 542 3290 ellenon
562 3213 686 3310 polle,
705 3211 905 3288 secundnm
927 3211 1050 3287 summi
1066 3233 1161 3310 mag·

88 3317 126 3389 ni
142 3315 315 3408 formam,
340 3315 421 3390 satis
445 3311 764 3404 confirmavimus,
791 3313 882 3385 dnos
907 3311 977 3386 elle
991 3333 1068 3386 non
1082 3311 1162 3405 pol·

1 3435 3 3478 ὲ
87 3411 133 3490 se.
185 3412 337 3508 Alioqui
353 3419 467 3510 certi,
490 3413 720 3490 Marcionem
737 3411 888 3519 dispares
909 3413 1013 3486 Deos
1033 3411 1186 3514 consti-K

1 3573 3 3600 ,
91 3525 221 3606 tuere,
264 3517 415 3590 altenrm
454 3515 642 3610 iudicem,
665 3513 826 3606 serum,
863 3511 1160 3604 bellipotentem:

89 3615 239 3690 alterum
264 3615 411 3710 mitem,
448 3615 649 3711 placidum,
685 3609 996 3689 &tantummodo
1022 3611 1161 3690 bonum
1276 3653 1278 3658 v

1 3757 2 3766 κ
90 3727 196 3806 atque
218 3716 405 3808 optimum.
456 3715 691 3812 Dispiciamus
709 3733 809 3806 aeque
834 3711 977 3789 &hanc
1000 3723 1161 3808 partem,

1 3871 2 3882 r
78 3833 134 3886 an
159 3813 344 3888 diversrtas
368 3813 481 3890 saltim
505 3817 597 3889 duos
625 3814 765 3908 capiat,
800 3811 824 3884 sr
848 3809 1006 3904 parilitas
1030 3833 1162 3908 capere

90 3931 164 3988 non
179 3915 314 4007 potuit.
360 3913 478 3992 Porro
500 3915 611 4003 &hir
627 3913 750 4014 cadem
764 3911 886 4009 regula
900 3909 1021 3986 summi
1043 3911 1161 4009 magni

652 4087 661 4106 ,
680 4072 703 4135 ἡ
986 4025 1109 4137 patro-
