2616 4336
300 239 674 334 sn'Nnrrortss.
724 245 902 332 Latis
992 349 995 356 Ι
1071 242 1144 358 ι’γρ

52 413 162 494 tur'ss
186 411 332 492 creditis
348 415 492 514 poetis,
518 435 583 490 cur
608 413 698 490 tales
719 413 809 492 deos
835 409 982 492 colitis?
1005 413 1032 492 sr
1055 415 1143 496 ideo
1252 383 1278 462 s}

13 513 20 524 '
55 517 204 608 colitis,
231 517 313 610 quia
331 537 409 608 non
427 514 571 592 creditis
585 517 730 614 poetis,
756 535 821 605 cur
840 517 982 594 laudem
997 508 1142 594 m'enda·

55 617 163 694 cibus
178 614 303 708 fertis,
329 637 399 692 nec
415 617 552 692 cavetis
577 637 625 691 ne
650 611 843 691 offendatis
868 637 958 711 eos,
983 637 1141 712 quorum

55 715 322 796 detreblatores
341 715 559 792 honoratis?
591 713 683 790 Sane
703 711 793 790 fides
810 737 831 790 a
846 717 966 811 poetis
984 739 1062 792 non
1078 705 1139 794 exi
1281 773 1283 816 3

52 817 198 916 igenda.
248 813 387 890 Nonne
405 815 466 910 qui
488 815 606 890 dicitis
627 815 716 890 deos
731 813 815 910 post
829 829 985 892 mortem
998 815 1138 914 fanos,

53 917 225 996 homines
244 912 468 990 confitemini
486 929 570 990 ante
589 913 773 990 mortem?
799 915 898 1018 Quid
914 935 1003 1014 ergo
1021 917 1137 1016 novi,
1283 987 1285 998 2

53 1015 161 1111 liqui
180 1016 345 1092 homines
366 1015 523 1108 suerint,
549 1015 711 1090 humanis
735 1028 797 1090 aut
816 1013 971 1111 casibus,
996 1029 1058 1092 aut
1070 1019 1138 1094 cri·
1283 1035 1287 1114 ἦ

51 1118 233 1208 minibus,
261 1129 324 1190 aut
338 1115 467 1192 sabulis
484 1112 727 1210 polluuntur?
752 1111 844 1190 Non
858 1115 1003 1192 creditis
1014 1119 1137 1214 poetis
1285 1125 1288 1212 ᾖ

54 1237 143 1292 curn
158 1215 203 1290 de
217 1213 453 1290 relationibus
470 1235 598 1290 eorum
611 1213 719 1290 etiarn
734 1211 832 1288 sacra
847 1216 1007 1308 quadarn
1021 1213 1137 1312 dispo·

51 1311 227 1392 fueritis?
261 1313 337 1388 Cur
353 1316 490 1409 rapitur
505 1313 670 1390 sacerdos
691 1311 831 1390 Cereris
851 1313 968 1390 finon
981 1317 1053 1392 tale
1070 1315 1139 1394 Ce-

51 1435 117 1492 res
139 1411 233 1508 passa
250 1413 327 1490 esti
361 1413 436 1490 Cur
454 1413 612 1490 Saturno
631 1413 737 1490 alieni
762 1413 866 1488 liberi
882 1415 1137 1514 immolantur,
1290 1445 1291 1458 Ν

52 1514 82 1594 sa
113 1513 175 1588 ille
198 1511 266 1590 suis
291 1515 476 1609 pepercit,
508 1535 573 1590 cur
597 1513 691 1590 Ideae
709 1513 882 1590 masculus
907 1529 1139 1614 amputatur,

51 1613 81 1692 u
106 1614 227 1689 nulus
240 1615 290 1690 illi
314 1613 526 1690 fastidiosior
552 1609 759 1690 adolescens
783 1613 937 1688 libidinis
962 1615 1139 1692 fisubatae

52 1713 190 1788 dolore
205 1713 375 1788 castratus
397 1713 475 1794 esti
513 1711 587 1788 Cur
604 1713 826 1790 Herculeum
844 1711 1045 1810 ponuoum
1058 1737 1134 1792 mu·

50 1813 165 1891 lieres
181 1813 378 1888 Lanuvino
392 1835 468 1888 non
488 1811 651 1912 gustant,
675 1813 701 1888 sr
728 1833 806 1888 non
823 1813 1013 1890 mulierum
1032 1813 1136 1892 causa

51 1935 179 2010 pm.
205 1909 435 1990 Mentiuntur
458 1912 540 1990 sane
564 1915 702 2010 poete!
735 1909 795 1988 sed
820 1933 898 1990 non
922 1913 1009 1990 ideo
1035 1913 1137 2008 quod

51 2011 145 2088 talia
164 2009 418 2112 gesserint...
437 2013 602 2090 homines
635 2033 721 2108 quas
755 2011 935 2090 defuerint
966 2013 1139 2110 necquod

52 2111 198 2190 divinas
217 2109 462 2208 adscripserint
481 2113 520 2190 so
633 2113 852 2210 divinitatis,
889 2135 971 2190 curn
995 2116 1138 2192 interim

52 2213 167 2288 vobis
188 2211 392 2288 credibilius
404 2209 519 2290 visum
535 2211 587 2288 est
600 2215 689 2290 deos
701 2211 825 2309 fuisse,
851 2209 1001 2290 sednon
1017 2213 1136 2292 tales?

53 2333 165 2408 qrtam
187 2315 299 2406 tales,
324 2311 386 2388 sed
403 2335 480 2388 non
496 2313 598 2390 deos.

134 2421 168 2494 s.
194 2411 362 2508 Superest
375 2413 510 2510 gentile
528 2411 617 2488 illud
633 2433 746 2512 genus
763 2411 858 2488 inter
869 2413 1029 2510 populos
1048 2411 1135 2488 deo-

54 2530 151 2608 rum,
167 2531 260 2606 quos
275 2513 423 2588 libidine
439 2512 613 2608 lismptos,
633 2529 711 2590 non
725 2531 795 2610 pro
810 2513 944 2586 notitia
954 2513 1135 2610 veritatis,
1240 2517 1253 2532 ‘'

54 2611 171 2687 docet
181 2613 325 2707 privata
333 2613 475 2690 notitia.
508 2613 631 2688 Deum
642 2631 730 2710 ergo
743 2608 905 2686 existimo
919 2613 1053 2706 ubique
1067 2635 1135 2689 no·

54 2714 298 2807 obnubique
314 2707 531 2808 praesentem.
552 2713 685 2806 ubique
695 2712 953 2808 dominantem,
966 2713 1135 2790 omnibus
1252 2785 1258 2792 .

52 2812 274 2907 colendum,
301 2813 468 2888 omnibus
485 2811 749 2888 demerendum.
800 2810 854 2886 At
875 2814 1064 2890 enimcum
1082 2813 1137 2892 illi
1172 2851 1177 2860 ·

55 2929 205 3006 quoque
219 2931 312 3006 quos
328 2925 431 2988 totus
450 2913 549 2988 orbis
563 2913 804 2988 communiter
820 2911 932 3007 colit,
966 2915 1136 2990 excidmt

54 3011 267 3182 frobationi
277 3031 374 3086 verre
386 3013 605 3102 diuinitatis3
632 3027 769 3107 quanto
782 3013 892 3110 magis
904 3011 974 3105 isti,
984 3033 1077 3106 quos
1087 3035 1136 3090 ne

55 3110 118 3284 gg
137 3111 282 3206 quidem
292 3113 489 3208 municipes
497 3109 550 3186 sui
561 3126 709 3190 norunt
733 3111 831 3186 Nam
844 3111 1135 3204 quaeidoneanr·

115 3225 205 3286 ratas
249 3211 458 3286 recucurrit
474 3211 649 3306 ejusmodi
664 3211 881 3307 theologie,
908 3231 1014 3304 quam
1027 3211 1135 3288 etiam
1299 3223 1300 3230 '

54 3305 207 3386 samrde
239 3311 330 3388 ‘tuit
382 3315 517 3413 Quanti
536 3311 617 3386 sunt
629 3313 689 3404 qui
701 3311 828 3386 norint
839 3307 918 3384 visu
931 3311 994 3384 vel
1011 3305 1136 3386 auditu
1201 3355 1204 3366 ·

25 3473 26 3480 s
53 3403 250 3509 Atargatin
264 3409 459 3504 Syrormn!
486 3411 672 3488 Coelestcm
683 3407 879 3487 Afrorum:
905 3407 1136 3489 Varsutinam

55 3501 291 3586 Maurorum:
318 3510 477 3586 Obodan
493 3509 707 3586 &Dusaren
724 3509 907 3586 Arabum:
934 3507 1133 3606 belenum,

55 3599 234 3686 Notium:
257 3611 343 3704 vel,
371 3631 464 3704 quos
478 3613 599 3685 Varro
617 3612 746 3705 ponit,
779 3607 1028 3686 Casiniensium
1045 3607 1134 3685 Del·

55 3705 940 3890 snsnnlsrsllnllillssli
989 3707 1135 3902 'suls

59 3895 267 3990 hevam
301 3865 767 4091 liusmienliurssiNortiam
780 3860 937 4008 quorun’r
950 3907 1132 4088 managni·

444 4037 448 4044 '
621 4029 644 4091 2
