2598 4328
180 159 438 246 unv'nn'sus
464 167 793 246 neruoram
819 165 919 248 Lre.
944 156 1013 250 IV.
1061 173 1132 270 47'3

62 333 203 406 tabunt
220 329 469 423 &relinquent
488 325 680 426 reliquias,
707 331 897 406 secumdum
918 329 1046 406 nuum
1070 333 1133 407 do-

59 433 163 506 mini.
218 427 254 502 Ο
271 427 495 505 Christum&
515 433 549 504 in
564 433 672 505 novis
692 433 868 506 veterem!
895 431 983 506 Hac
999 430 1131 525 itaque,

63 551 143 624 quae
162 529 306 605 viderat
322 527 470 624 Petrus,
496 529 631 604 &cum
682 529 809 606 ristin-is
831 543 1074 626 compararat,
1100 532 1135 604 δι

61 651 140 706 non
162 644 301 702 tantum
316 643 417 706 retro
436 629 548 722 satia,
572 629 630 704 sed
655 555 744 706 dom
766 630 925 705 futruum
947 633 1020 726 jam
1045 643 1134 704 tune

61 729 337 826 prophetantia,
353 743 638 826 recognoverat:
656 736 875 826 interroganti
890 733 1026 819 domino,
1045 737 1135 824 qur'r·

61 855 139 901 mm
159 831 230 900 illr'r
252 831 440 922 videretur,
466 855 533 899 cum
551 851 609 926 pro
629 831 767 900 omnilrr
793 831 1001 926 resporderet:
1031 825 1082 902 air
1103 857 1134 902 er

62 929 243 1026 cnrqsrs:
269 949 346 1002 non
363 925 483 1024 potest
499 950 575 1002 non
596 951 675 1003 eum
697 927 829 1004 sensrsse
845 927 1043 1022 Christum,
1069 929 1133 1006 nin
1161 910 1175 941 ⁶

63 1049 172 1122 quem
192 1042 350 1102 noverat
367 1025 619 1122 irs-scripturis,
647 1051 749 1122 quem
771 1031 840 1122 jam
870 1029 1077 1103 recensebat
1095 1031 1133 1104 in

62 1125 178 1204 saetis.
231 1127 364 1202 Hoc&
386 1125 458 1222 ipse
487 1121 675 1222 confirmat
695 1131 803 1222 usque
830 1131 944 1202 adhuc
966 1130 1132 1224 patiens,

62 1229 139 1302 irno
169 1225 401 1302 &silentium
430 1227 600 1302 indicens.
661 1227 697 1300 Si
724 1229 817 1304 enim
841 1227 966 1301 Petrus
991 1228 1134 1320 quidem

60 1347 143 1402 non
172 1337 318 1422 poterat
345 1327 450 1401 alium
473 1347 553 1400 eum
584 1323 775 1422 confiteri,
811 1349 912 1422 quam
936 1328 1132 1402 creatoris:
1183 1389 1188 1404 .

6 1461 7 1482 r
59 1425 124 1500 ille
146 1439 267 1500 autem
289 1445 460 1524 preceprr,
487 1449 528 1496 ne
544 1434 594 1495 cui
611 1427 666 1495 hoc
684 1431 846 1513 dicerent,
871 1428 995 1520 utique
1011 1427 1048 1500 id
1067 1447 1133 1500 no·

6 1539 25 1584 s
61 1525 132 1599 luit
154 1525 361 1622 provulgari
387 1525 484 1617 quod
508 1524 633 1599 Petrus
658 1525 819 1601 senserat.
869 1526 968 1618 lmo,
994 1527 1132 1622 inquis,

65 1627 149 1718 quia
176 1645 253 1696 non
280 1625 375 1697 recle
403 1624 577 1718 senserat,
609 1628 727 1698 noluit
748 1625 968 1698 mendacium
990 1625 1134 1700 diss'emi·

66 1725 157 1798 nam'.
206 1721 281 1798 sed
298 1723 398 1798 aliam
414 1724 541 1798 silentii
562 1723 709 1797 caussam
732 1726 862 1818 edixit,
889 1733 963 1820 quia
983 1732 1135 1820 oporteret
1178 1797 1180 1806 ,

59 1825 173 1917 filium
203 1821 340 1894 hominis
361 1823 465 1896 multa
486 1831 578 1920 poti,
610 1822 649 1899 (ὃ
671 1825 865 1920 reprobarier
891 1825 1077 1921 presbyteris
1094 1821 1134 1902 ὅ

61 1923 177 2015 scribis
198 1919 238 2000 (5
252 1923 484 2013 sacerdotibus,
511 1921 549 2000 ὅ
573 1927 729 2015 interfici,
755 1925 793 1999 (Ψ
815 1925 879 2020 posi
897 1931 1030 1995 terrr'rrm
1054 1926 1134 1997 diem
1263 1959 1267 1965 ·

64 2025 232 2116 resurgere.
282 2023 372 2120 Quat
390 2043 468 2096 cum
484 2023 671 2118 praedicata
688 2024 755 2096 sint
769 2023 805 2097 du
818 2023 887 2118 ipsa
902 2026 937 2097 in
958 2021 1134 2100 Christum

65 2123 267 2214 creatoris,
291 2121 381 2196 ficut
394 2119 461 2196 suis
482 2123 573 2196 locis
590 2123 831 2216 implebimus:
855 2125 902 2197 sic
919 2145 1063 2217 quoque
1081 2127 1132 2218 ip·
1164 2133 1175 2158 ·

65 2223 141 2298 sum
160 2221 195 2296 se
212 2219 366 2296 ostendit
381 2219 475 2312 effe,
501 2223 538 2294 in
555 2243 659 2314 quern
685 2223 973 2316 praedicabantur.
1026 2223 1133 2296 Certe

66 2321 141 2396 &sr
158 2341 236 2394 non
256 2319 366 2396 essent
379 2321 587 2416 predicata,
614 2343 691 2394 eam
707 2319 854 2395 caussam
874 2320 993 2394 indicti
1006 2321 1133 2396 silentii
1198 2377 1203 2384 -

64 2421 245 2518 protulit,
272 2441 348 2515 quar
366 2442 441 2496 non
459 2419 555 2494 Petri
582 2439 739 2496 errorem
760 2419 1040 2513 demonstraret,
1068 2423 1132 2494 oo

65 2522 266 2596 eundarum
288 2520 481 2614 passionum
509 2519 756 2594 necessitatem.
806 2523 878 2614 Qui
895 2521 1054 2608 volarit,
1081 2527 1132 2593 έπ-

64 2629 165 2722 quit,
192 2627 331 2692 animam
343 2622 434 2710 suam
449 2621 573 2709 salvom
593 2619 719 2710 farere,
752 2625 859 2718 perdet
882 2621 990 2718 isam:
1017 2618 1056 2698 U
1076 2624 1135 2720 qui

63 2723 239 2822 perdiderit
257 2747 324 2792 tam
338 2739 464 2820 propter
486 2745 554 2804 me,
574 2719 699 2808 firlvam
710 2719 814 2812 faciei
837 2747 911 2790 eam.
966 2715 1075 2794 Certe
1093 2717 1134 2795 fi·

64 2823 136 2896 lius
156 2821 310 2896 hominis
332 2819 423 2896 hanc
440 2816 648 2894 sententiam
666 2819 796 2895 emifit.
847 2818 1008 2917 Perspice
1025 2823 1134 2918 igitur

67 2919 102 2996 dt
126 2939 170 2996 tu
195 2941 274 2998 tum
297 2941 382 3016 rege
401 2917 603 3012 Babylonio
627 2917 812 2994 fornacem
836 2915 918 3014 ejus
931 2921 1133 3016 ardentem,

65 3019 547 3112 &inveniesillictanquarn
561 3016 1134 3116 filiumhominis(nondumenim

64 3141 159 3192 vere
194 3133 293 3211 erat,
330 3118 490 3192 nondum
515 3115 648 3192 scilicet
670 3133 774 3192 natus
800 3141 845 3192 ex
871 3118 1037 3219 homine)
1060 3119 1134 3212 J'anr

64 3231 156 3294 mne
173 3217 258 3291 tstos
277 3220 392 3291 exitus
417 3212 701 3293 constituentem.
752 3217 875 3292 Salvas
898 3217 984 3294 facit
1002 3217 1132 3294 animas

64 3321 176 3394 nium
195 3315 367 3411 sramtm,
394 3317 453 3412 qui
473 3337 531 3390 eas
547 3335 617 3412 pro
631 3317 717 3391 Deo
733 3319 881 3416 perdere
908 3315 1133 3411 conspirave-

64 3433 170 3494 rant:
198 3415 445 3492 Chaldaeorum
462 3433 555 3492 veto
579 3417 757 3512 perdidit,
790 3439 875 3516 quas
897 3417 948 3492 illi
969 3435 1032 3509 per
1057 3415 1133 3489 ido-

63 3517 244 3596 lolatriam
264 3513 377 3590 salvas
397 3515 517 3592 facere
531 3517 738 3593 maluerant
790 3519 882 3614 Quae
895 3517 945 3589 est
958 3514 1020 3588 ista
1033 3535 1133 3591 nova

64 3618 249 3710 doctrina,
288 3615 388 3711 cujus
407 3627 533 3690 uetera
551 3617 765 3691 documenta
788 3613 895 3690 sunt?
922 3617 1133 3718 Quanquam

65 3717 387 3816 &praedicationes
402 3717 653 3810 martyriorum
668 3729 740 3790 tam
755 3715 972 3810 firturorum,
998 3735 1133 3808 quama

64 3819 149 3907 Deo
171 3815 377 3904 mercedem
400 3817 639 3894 relaturorum
663 3816 951 3893 decucttrretttnt
1010 3815 1131 3912 Vide,

508 3915 580 4016 Gg
605 3935 626 4008 5
969 3915 1084 4009 inquit
