2612 4328
173 181 275 278 ²84'
311 165 381 286 Ὠ.
414 168 545 260 Stat.
574 181 710 260 Fron.
746 167 1088 288 Te'arurtrrur
1226 185 1241 210 ·

171 363 230 424 ter
249 345 357 422 'nosz
398 346 498 440 quod
539 347 622 439 quie
660 345 800 422 constat
840 343 909 420 ell'e
942 345 1252 444 comparatione,

51 465 56 477 ¹
173 447 298 546 potuit
327 446 497 520 inducere
523 444 618 520 salva
644 445 679 520 ta
709 447 932 544 proprietate
958 447 1095 543 generis
1124 447 1157 521 &
1185 449 1256 523 sm·

174 549 373 648 gularitate.
447 545 578 638 Neque
617 547 713 622 enim
747 547 773 622 fi
805 549 884 620 vita
915 547 1043 620 vitiata
1078 545 1158 640 est,
1209 561 1257 622 ut

154 646 359 743 'despectui
391 647 548 740 judicata
585 645 753 740 despectis
789 661 1082 742 compararetur:
1130 645 1257 723 statim

174 761 303 824 natura
332 746 468 820 sublata
499 747 570 839 est,
602 761 646 819 ut
679 747 745 820 alia
775 748 812 822 in
843 747 990 821 nomine
1029 747 1105 842 ejus
1138 747 1256 842 depu·

93 863 98 870 '
175 845 346 922 tarcum
385 845 528 938 Atquin'
562 844 724 920 seruatur
755 859 904 939 natura,
939 845 1000 920 etsr
1033 843 1258 920 suffunditur

172 947 273 1020 vita:
309 969 378 1020 nec
405 947 494 1020 alios
527 945 636 1020 novit
662 943 818 1020 Christus
843 945 1033 1038 homines,
1073 968 1176 1039 quam
1205 949 1255 1022 de

55 1107 63 1126 .
177 1049 303 1142 quibus
322 1047 426 1141 dicit,
452 1049 554 1142 Quem
569 1071 616 1116 me
632 1051 730 1144 ajunt
745 1045 799 1139 offe
814 1045 981 1119 homines?
1005 1043 1077 1140 Et,
1104 1051 1255 1145 quomode

174 1153 279 1222 veritis
312 1163 349 1218 ut
373 1148 499 1234 faciunt
523 1145 611 1216 vobis
635 1149 795 1229 homines,
831 1146 870 1224 U
896 1171 952 1217 vos
979 1153 1026 1216 ira
1045 1145 1147 1242 facite
1172 1149 1257 1220 luis.

52 1286 57 1304 ·
91 1313 95 1320 .
175 1249 278 1322 Vide
291 1270 332 1320 an
353 1245 551 1322 servaverit
575 1267 686 1342 genus
703 1249 864 1340 aquibus
885 1245 1176 1322 &testimonium
1197 1247 1255 1322 sui

176 1346 342 1442 expectet
363 1346 448 1420 &in
467 1367 558 1440 quos
574 1347 714 1439 justitiae
733 1349 852 1420 vicem
876 1346 1029 1422 mandat.
1081 1345 1168 1420 Illos
1191 1369 1255 1421 au-

113 1509 120 1524 .
145 1467 150 1494 ⁶
174 1461 255 1536 tem
275 1445 435 1520 coelesteo
459 1448 646 1540 homines,
686 1446 955 1540 fiexpostulem
977 1447 1062 1524 mihi
1086 1445 1252 1542 ostendi,

173 1547 313 1623 facilius
344 1543 477 1620 Aratus
510 1543 700 1620 Persea&
735 1545 879 1639 Cephea
910 1547 945 1620 dt
973 1543 1178 1642 Erigonen,
1214 1547 1253 1622 dt

174 1647 360 1722 Ariadnen
380 1647 478 1720 inter
494 1645 605 1720 srdera
622 1646 825 1723 delineablt.
878 1647 968 1744 Quis
983 1661 1102 1720 autem
1125 1649 1253 1742 prohi-

175 1747 256 1822 buit
291 1746 474 1820 dominum
515 1747 587 1820 illic
625 1748 734 1821 etiam
775 1745 1029 1820 confeffionem
1060 1745 1252 1824 homimum

174 1846 373 1921 faciendam
388 1847 646 1940 determinare,
670 1847 731 1920 ubi
750 1845 845 1920 suam
858 1845 1014 1922 futuram
1028 1859 1150 1944 aperte
1163 1869 1255 1941 pro·

174 1945 391 2022 nunciavit?
426 1945 481 2020 Ut
498 1947 548 2019 ita
569 1945 655 2020 erret
677 1947 864 2041 polltum,
891 1953 945 2044 qus·
969 1952 1007 2016 in
1026 1971 1072 2018 me
1094 1944 1254 2040 confaffas

172 2048 285 2144 fucrit
308 2071 409 2120 eoram
427 2045 604 2118 huminibus
631 2051 669 2117 r'n
689 2047 788 2134 culis,
815 2043 853 2124 U
877 2069 926 2140 ego
952 2050 989 2116 ln
1009 2047 1097 2118 idum
1110 2050 1254 2142 ¹confite·

1 2245 2 2264 Χ
108 2219 109 2222 ,
175 2150 231 2220 bor
254 2171 354 2219 coram
381 2165 474 2244 parre
505 2171 568 2220 meo
590 2153 649 2244 qui
677 2151 713 2216 in
735 2151 816 2216 culis
840 2145 908 2245 est.-
946 2147 1084 2239 eripere
1104 2169 1162 2224 me
1188 2148 1252 2222 de-

174 2251 257 2323 buit
275 2271 319 2322 ex
339 2245 406 2320 isto
424 2261 575 2322 terrenae
593 2247 819 2346 confeffionis
846 2267 993 2340 errore,
1021 2265 1125 2338 quam
1147 2245 1254 2322 susci-

68 2379 72 2387 ·
173 2351 213 2444 pi
237 2345 430 2441 noluisset,
468 2345 718 2440 srcoelestem,
749 2345 992 2442 praecepillet,
1026 2347 1252 2438 quianullus

58 2487 62 2498 ·
175 2450 266 2522 alios
285 2448 450 2522 homines
474 2467 652 2524 noveram
668 2448 956 2541 praeter'incolas
975 2459 1104 2540 terrae,
1127 2469 1175 2522 ne
1196 2447 1252 2546 ip-

174 2547 215 2624 so
247 2547 390 2639 quidem
425 2547 541 2621 adhuc
566 2561 654 2622 tunc
678 2549 715 2620 ln
748 2549 846 2620 coelis
870 2547 1017 2620 homine
1043 2545 1252 2642 conspectu.

176 2649 270 2746 Qua:
288 2667 402 2740 porro
415 2643 504 2721 fides
520 2667 660 2742 rerum,
686 2661 729 2720 ut
743 2645 825 2741 post
841 2645 1021 2720 excessum
1036 2645 1079 2718 ad
1099 2645 1252 2740 superna

100 2756 103 2768 '
174 2745 353 2840 sublatus,
379 2747 452 2820 illic
471 2749 605 2841 prober
622 2767 695 2839 quo
717 2768 795 2820 non
813 2747 876 2822 nist
896 2747 968 2840 jam
990 2747 1164 2838 probatus
1185 2750 1253 2820 im·
1304 2769 1305 2780 ¹

173 2866 352 2942 ponerer:
377 2846 450 2920 illic
467 2849 512 2920 de
525 2863 676 2940 receptu
692 2847 932 2938 examinarer,
959 2866 1031 2938 quo
1047 2846 1108 2920 nisr
1124 2847 1251 2920 admit·
1303 2785 1305 2940 Ι

151 2959 153 2966 “
174 2947 305 3020 tendus
323 2947 514 3040 pervenire
528 2943 759 3042 nonpollem.
806 2945 1006 3019 Christiano
1022 2945 1149 3036 caelum
1166 2962 1252 3021 ante
1303 2941 1305 3000 l

175 3061 279 3142 patet
294 3067 398 3140 quam
416 3047 494 3120 via:
521 3047 602 3137 quia
616 3047 713 3118 nulla
730 3049 791 3120 vin
803 3047 840 3118 in
859 3048 982 3118 caelum
996 3043 1059 3118 nist
1072 3044 1129 3116 cui
1147 3057 1253 3138 patet

177 3149 327 3222 coelum:
354 3146 453 3238 quod
470 3147 531 3238 qui
549 3147 726 3242 attigerit,
753 3145 910 3219 intrabit.
964 3145 1062 3242 Quas
1079 3144 1164 3220 mihi
1183 3165 1253 3238 po·

25 3243 33 3294 ·'
65 3317 68 3322 .
175 3245 321 3320 testacea
343 3245 526 3340 janitrices
554 3241 715 3321 adfirmas
740 3248 843 3340 juxta
853 3243 1062 3326 ,Romanam
1090 3241 1251 3337 supersti-

175 3341 338 3438 tionem,
371 3345 524 3418 Cardum
548 3345 724 3438 quendam
753 3345 786 3418 u
809 3343 1005 3420 Forculum
1027 3341 1061 3414 &
1082 3341 1252 3418 Limenti-

175 3445 289 3520 num?
316 3465 400 3536 quas
421 3445 622 3521 acancellis
638 3445 780 3518 ordinas
795 3442 1017 3540 potestates?
1043 3441 1078 3514 Si
1093 3463 1254 3544 unquam¹

175 3544 290 3644 l'egt'ffi
311 3543 404 3642 apud
417 3543 560 3638 David,
586 3545 725 3637 Auferte
744 3563 851 3638 partos
870 3547 1028 3640 prmcr'pes
1046 3545 1183 3637 vestras,
1209 3541 1250 3620 θ’·
1303 3581 1304 3588 1

170 3645 383 3736 subleventur
407 3659 503 3736 portae
530 3659 679 3734 aterna„
721 3645 760 3720 dl
788 3639 930 3716 intrabit
958 3647 1027 3715 Rex
1049 3643 1161 3735 glorie.
1185 3641 1249 3718 ·si

176 3746 265 3818 item
285 3741 407 3818 auditu·
433 3742 526 3837 apud
542 3742 681 3818 Amos:
709 3750 779 3839 Qui
794 3743 948 3835 ascensam
955 3743 1052 3832 suum
1065 3745 1195 3834 edificat
1211 3749 1251 3814 in

177 3843 281 3936 relos,
306 3843 569 3944 &profeſsorem
587 3847 680 3942 suam
696 3845 821 3942 fundet
842 3851 1017 3924 uterus:
1042 3839 1188 4015 scitos&
1204 3841 1252 3918 ts*

83 3981 89 3994 ·
351 3959 355 3966 '
636 3991 645 4002 »
1053 3961 1196 4024 cenum
