2612 4328
74 137 76 162 ³
144 205 200 282 a,
380 174 1014 301 ιιιιιιιιξκιι,(ὶιιοετιιίιιεὲῗ
1063 175 1089 211 ’·
1163 191 1232 284 ed?

162 349 276 436 sinim
304 369 431 428 onmes
465 351 601 448 pristini
628 349 745 426 sensus
774 347 1056 446 retorpescunt,
1099 347 1235 446 sanguis

164 455 269 536 rainu
293 451 464 552 gelascit,
498 433 597 528 card
609 451 751 546 spiritus
776 449 977 544 exolescit,
1018 450 1149 526 nausea
1170 471 1235 526 no·

165 556 265 634 erinis
294 549 491 628 inacrescit
554 552 690 647 Jun&
718 549 791 645 ipsa
815 570 916 628 mens
939 549 1026 644 sibl,
1065 569 1141 644 quo
1167 571 1235 625 vo·

163 667 263 750 rpat,
289 655 436 748 querit,
467 665 511 724 ut
536 673 615 745 quae
639 654 690 726 ita
713 650 821 728 semel
852 645 1061 726 infirmitate
1091 669 1235 746 quoque

158 753 321 854 perutili
344 752 532 828 sauciatam
553 749 662 826 sideru
678 753 740 826 vel
758 753 796 826 in
809 749 965 826 heresim
990 753 1053 826 vel
1077 752 1115 825 in
1140 749 1235 825 secu·

159 857 234 934 lum
262 853 430 948 exspuat:
466 851 560 924 &in
582 851 848 945 presentiarum
874 849 926 924 est
946 851 1083 926 medius
1104 851 1235 944 xardor,

160 955 237 1054 lpse
252 951 416 1028 canicula
432 947 692 1045 persecutionis
713 949 757 1034 ab
774 949 843 1026 isto
859 949 995 1025 scilicet
1012 953 1235 1046 cynocepha-

158 1057 212 1132 lo.
264 1051 372 1128 Alios
390 1051 503 1148 ignis,
530 1051 620 1126 alios
634 1051 794 1150 gladius,
821 1051 910 1126 alios
935 1049 1055 1125 bestia
1077 1048 1235 1126 Christro

156 1175 232 1232 nos
246 1155 515 1254 probaverunt:
541 1151 599 1226 alii
614 1149 763 1228 fustibus
780 1151 924 1226 interim
942 1151 1131 1248 &ungulis
1149 1150 1235 1225 insu·

155 1271 229 1352 per
253 1249 440 1352 degustato
465 1253 663 1346 martyrio,
697 1255 738 1326 in
770 1271 916 1327 carcere
946 1247 1133 1344 esuriunt,
1168 1267 1235 1324 noe

154 1353 267 1450 ipsius
282 1351 425 1448 lepores
444 1350 616 1426 destinate
629 1352 784 1427 venatio
805 1351 851 1454 de
870 1353 1072 1449 longinquo
1102 1351 1235 1428 obfide

154 1449 938 1630 ualliutlltllttulula
954 1451 1235 1628 liidfflll

154 1655 301 1756 piatum
325 1651 421 1746 stylo
443 1663 669 1746 temperare,
707 1652 769 1746 qui
796 1653 948 1750 legeris,
981 1651 1151 1742 biberis3·
1169 1671 1235 1728 nec

157 1773 321 1828 amarum
344 1750 476 1846 potio,
513 1749 540 1826 fi
563 1751 687 1850 clunia
710 1755 831 1824 dumio
856 1753 963 1824 duum
979 1751 1075 1848 piper
1091 1752 1235 1829 melleo

130 1939 134 1950 Ι
150 1853 280 1952 savar,
299 1856 374 1924 inda
387 1857 547 1948 pigmento
561 1847 659 1930 suut:
683 1849 806 1930 srialit
819 1852 855 1926 dr
871 1853 959 1924 nese
975 1849 1157 1947 promiffio
1170 1851 1235 1927 Dei

156 1969 303 2046 manet,
329 1953 405 2028 hoc
426 1949 589 2048 sapiunt,
615 1971 693 2046 qure
715 1953 802 2029 illuc
826 1951 974 2031 feriunt
1037 1955 1097 2026 Vae
1117 1967 1235 2044 ouem}

180 2057 216 2124 ui
238 2053 326 2126 deire
347 2057 385 2122 in
410 2075 576 2144 amarum,
609 2051 650 2130 dl
671 2053 780 2124 lumen
804 2057 843 2130 in
869 2055 1011 2126 tenebras
1035 2065 1235 2129 convertunt,

155 2081 314 2230 ierinde
339 2153 435 2228 enim
457 2151 492 2226 t:
518 2153 580 2250 qui
606 2155 789 2248 martyriis
812 2153 1060 2251 refragantur,
1088 2152 1234 2230 'saltitem

157 2253 405 2350 perditionem
434 2252 736 2348 interpretantes;
772 2268 846 2329 tarn
871 2255 977 2328 dulce
1001 2253 1039 2328 in
1064 2275 1234 2350 mutua,

160 2375 266 2450 quarn
282 2356 399 2428 lucern
414 2351 637 2428 intenebrare
654 2353 879 2447 reformant,
906 2365 1013 2446 atque
1029 2355 1080 2428 ita
1092 2353 1234 2429 miserri-

157 2475 253 2530 ruam
276 2453 369 2528 hanc
395 2453 509 2527 vitam
535 2451 587 2526 illi
620 2453 821 2529 beatissimae
850 2451 1131 2550 praeverteudo,
1169 2469 1234 2529 tarr

162 2575 321 2630 anuum
350 2574 421 2650 pro
449 2551 546 2632 dulci
569 2571 675 2648 quam
696 2555 865 2630 tenebras
888 2573 960 2650 pro
984 2555 1088 2650 luce,
1113 2551 1234 2650 suppo

160 2667 265 2730 nunt.
1036 2699 1042 2706 ·

173 2800 177 2809 ·
240 2777 275 2830 2.
300 2751 372 2828 Sed
394 2753 559 2830 nondum
582 2751 635 2827 de
665 2755 770 2826 bono
794 2751 980 2847 martyrii,
1019 2751 1084 2828 nist
1114 2753 1233 2832 debito

161 2857 334 2949 prinum:
359 2873 429 2926 nec
448 2867 533 2928 ante
550 2853 595 2927 de
606 2854 764 2928 utilitate
784 2856 883 2950 elur,
908 2873 1013 2948 quarn
1035 2853 1081 2931 de
1099 2855 1233 2932 neceffi·

160 2968 238 3030 tate
253 2952 483 3028 discendoru-
519 2952 727 3028 Austoritar
745 2953 868 3028 diuina
887 2953 1081 3049 precedit,
1108 2973 1153 3030 an
1170 2955 1233 3029 tall

162 3053 250 3148 quid
269 3053 431 3128 voluerit
456 3063 563 3145 atque
581 3053 948 3147 mandaverimus,
974 3053 1092 3150 utqui
1109 3063 1233 3154 negant

160 3153 323 3246 bonurn,
363 3174 442 3228 non
470 3151 681 3228 suadeantur
707 3153 751 3230 ad
778 3153 1035 3248 commodum,
1073 3153 1137 3232 nili
1161 3169 1232 3230 eam

161 3253 293 3330 subael
310 3252 454 3330 fuerint
479 3251 542 3329 Ad
558 3251 717 3330 officium
734 3253 926 3330 hereticos
943 3255 1137 3350 compelli,
1162 3269 1232 3330 nor.

161 3355 260 3430 lrrlici
281 3353 425 3452 dignum
446 3351 508 3430 est.
543 3353 688 3430 Duritia
705 3353 887 3430 vincenda
903 3352 976 3450 est,
1002 3373 1080 3430 non
1097 3351 1232 3428 straden

163 3455 218 3530 da.
272 3453 325 3528 Et
344 3453 473 3548 utique
496 3453 577 3530 satis
602 3457 781 3550 optinum
801 3453 1119 3551 prejudicabiurr,
1145 3471 1232 3547 uror

116 3613 122 3622 .
160 3556 378 3652 probabitur
396 3553 513 3629 aDeo
531 3553 769 3630 constitutur
786 3567 895 3651 atque
913 3567 1145 3650 precepttmr.
1180 3553 1232 3630 Str

162 3653 531 3754 stineantEvangelia
544 3651 741 3751 paulisper,
768 3655 852 3732 dun
864 3655 1022 3730 radicem
1040 3669 1169 3728 corun
1184 3675 1232 3734 ex

73 3765 82 3791 ·
162 3758 281 3854 primo
294 3757 433 3852 legem,
460 3755 545 3830 dum
560 3753 645 3832 inde
662 3756 769 3832 elicio
785 3755 859 3832 Dei
871 3755 1125 3849 volontatem,
1146 3753 1231 3832 und

166 3855 331 3954 triplum
352 3851 609 3961 rannone,
635 3857 791 3956 Eos*
805 3856 948 3952 loque,
974 3854 1231 4032 „mmai”
