2612 4328
166 189 253 263 ‚⁷322
315 160 369 264 Q.
396 159 536 237 Sarr.
562 159 709 240 Fron.
736 134 1111 242 anrur'rrrm

170 327 503 420 ,mtatem'revelari
523 327 695 420 haberet,
728 325 754 399 s1
782 328 842 419 qui
865 323 995 402 fuiffet.
1046 327 1140 402 Non
1163 329 1265 423 poue

181 429 293 524 quid,
319 427 406 528 Deo
426 429 630 520 nonlicet,
657 425 788 502 nedum
801 427 1021 502 naturalibus
1041 425 1112 501 suis
1135 428 1262 530 fungi:

171 551 260 624 :que
284 527 310 602 sr
332 528 590 620 continentur,
627 547 701 618 quo
730 528 845 621 minus
874 543 1044 624 currant,
1084 533 1262 605 naturalia

174 651 259 706 non
290 641 407 702 erunt
456 625 507 704 Et
531 627 647 702 otium
669 627 763 700 enim
790 625 843 708 sui
879 637 1007 701 natura
1030 649 1109 707 nou
1137 635 1262 706 novit

168 727 278 806 Hinc
297 723 464 800 censetur
470 780 484 820 ,
509 727 534 802 sr
553 741 688 824 agatur.
737 725 797 800 Sic
813 748 882 800 nec
901 727 1053 801 noluisse
1074 729 1263 805 videbitur

161 849 352 907 ¹rerercere
368 827 570 902 bonitatem
586 827 729 900 interim
749 842 885 902 nanuae
904 827 1066 905 nomine.
1116 829 1158 902 N
1161 844 1263 904 atum

170 931 276 1004 euim
301 927 337 1002 se
365 947 444 1000 non
473 925 594 1021 potest
617 927 739 1022 nolle,
773 949 851 1019 quae
870 924 906 1000 se
920 928 972 1000 ita
994 927 1136 1026 dirigit,
1174 931 1262 1007 uti

180 1027 392 1122 cessaverit,
425 1049 503 1120 non
530 1027 582 1102 srt.
631 1025 702 1100 Sed
730 1025 879 1100 ceffavit
900 1027 1153 1120 aliquandoin
1172 1025 1260 1104 Deo

70 1136 72 1144 ’
170 1129 379 1204 -Marcionis
401 1127 446 1201 de
463 1148 576 1223 opere
595 1127 752 1204 bonitas.
801 1123 902 1223 Ergo
924 1127 1093 1209 nonfuit
1115 1143 1261 1204 natura

171 1231 220 1306 ris
235 1229 405 1322 bonitas,
433 1248 510 1320 quae
528 1229 651 1324 potuit
676 1227 867 1320 aliquando
889 1225 1049 1322 ceffaffe,
1076 1229 1181 1322 quod
1200 1223 1271 1312 nal

122 1406 125 1412 ,
173 1330 351 1403 nuribus
381 1327 583 1402 nonlicet.
633 1321 685 1400 Et
710 1327 735 1402 fi
757 1347 834 1400 non
864 1328 934 1402 erit
953 1329 1151 1423 naturalis,
1187 1331 1262 1424 J'am

172 1451 248 1506 nec
261 1445 395 1502 aeterna
411 1427 612 1520 credenda,
635 1447 704 1500 nec
720 1423 806 1500 Deo
822 1448 900 1522 par,
917 1429 1092 1521 quianon
1107 1441 1260 1526 aterna,

146 1588 150 1596 ,
172 1531 262 1610 dum
278 1551 356 1602 non
375 1528 563 1602 nattualis:
590 1549 668 1622 quae
686 1526 839 1618 denique
854 1529 987 1602 nullam
1003 1527 1054 1602 sui
1071 1531 1258 1624 perpetui·

173 1645 290 1704 tatem
326 1643 389 1702 aut
421 1627 467 1704 de
494 1629 680 1721 praeterito
712 1626 933 1722 constituat,
970 1643 1034 1702 aut
1061 1629 1107 1704 de
1127 1627 1259 1706 futuro

174 1731 419 1826 repromittat.
470 1727 567 1801 Nam
583 1729 617 1800 u
634 1749 654 1800 a
669 1727 869 1822 primordio
890 1727 1080 1822 nonfuit,
1107 1728 1145 1802 dt
1159 1731 1203 1805 in
1223 1727 1260 1806 fr

171 1848 289 1922 rtem,
314 1827 540 1920 smedubio,
566 1829 736 1902 nouerit
765 1889 777 1910 .,
787 1825 912 1902 Potest
926 1828 1020 1902 enim
1037 1828 1169 1903 &non
1191 1829 1260 1906 ess'e

171 1929 416 2022 quandoque,
434 1927 544 2006 „ficut
570 1948 648 2002 non
672 1926 742 2001 fuit
769 1927 972 2018 aliquando.
1030 1927 1148 2026 Igitur
1176 1952 1261 2008 cum

168 2027 346 2121 constet,
381 2030 418 2101 in
437 2027 639 2120 primordio
664 2025 802 2101 certasse
823 2029 1024 2104 bonitatem
1039 2025 1122 2102 Dei·
1138 2031 1261 2126 illius,

170 2149 252 2209 non
272 2129 367 2203 enim
390 2127 623 2222 aprimordio
644 2128 814 2202 liberavit
832 2129 1037 2221 hominem,
1053 2127 1101 2202 ¹&
1119 2133 1263 2206 volun·

170 2245 251 2307 tate
285 2229 409 2326 potius
440 2249 546 2324 eam,
589 2249 694 2319 quam
724 2223 929 2305 infirmitate
968 2227 1140 2320 ceffaffe3
1187 2234 1264 2324 jam

60 2411 66 2422 ,
170 2331 349 2431 uoluntas
374 2325 561 2422 suppresse
587 2329 761 2401 bonitatis
785 2324 865 2402 finis
894 2331 1103 2403 invenietur
1130 2332 1263 2430 malig-

168 2429 308 2506 nitatis.
361 2427 461 2526 Quid
478 2429 571 2504 enim
594 2442 668 2502 tam
682 2429 895 2523 malignum,
923 2447 1027 2522 quam
1047 2430 1152 2504 nolle
1172 2453 1262 2525 pro·

112 2543 123 2562 ·
168 2529 292 2622 deire,
321 2547 403 2600 cum
421 2525 555 2622 poffis?
583 2549 688 2621 quam
705 2529 860 2601 utilitate
877 2529 1048 2621 cruciari,
1077 2551 1193 2622 quam
1210 2535 1262 2606 in·

169 2629 301 2722 iuriam
317 2627 448 2702 srnere:
473 2642 594 2703 totum
611 2629 765 2722 denique
784 2630 956 2701 creatoris
980 2627 1143 2725 elogium
1162 2632 1207 2706 in
1226 2633 1263 2708 ii

169 2731 247 2802 ium
273 2725 513 2820 rescribetur,
542 2729 601 2822 qui
621 2725 771 2801 saevitias
792 2729 867 2819 ejus
892 2729 1065 2802 bonitatis
1082 2726 1157 2804 suae
1180 2755 1262 2807 mo

63 2861 66 2868 ·
171 2835 214 2902 'ra
226 2827 335 2920 iuvit.
386 2825 483 2900 Nam
502 2829 538 2898 in
555 2829 654 2920 cujus
675 2851 783 2902 manu
800 2827 850 2902 est
864 2827 969 2920 quid,
998 2849 1044 2900 ne
1058 2823 1150 2922 fiat,
1180 2832 1260 2927 ejus

171 2931 245 3022 iarn
275 2927 492 3024 deputatur,
527 2949 608 3001 cum
635 2928 707 3019 Jam
731 2923 797 3003 fit..
850 2927 975 3002 Homo
999 2928 1199 3003 damnatur
1225 2935 1262 3008 in

168 3043 351 3120 mortem,
379 3029 428 3100 ob
444 3028 546 3100 unius
563 3025 753 3100 arbusculae
771 3027 1051 3121 delibationem,
1068 3027 1262 3108 &exinde

171 3127 363 3224 profiliturt
387 3125 513 3212 deliria
533 3149 615 3200 cum
629 3130 760 3222 poeniS,
788 3127 990 3219 &pereunt
1001 3129 1072 3221 jam
1088 3149 1262 3228 omnes,

168 3229 237 3320 qui
249 3226 396 3320 paradifi
417 3229 554 3300 nullum
571 3225 738 3320 cespitem
759 3239 907 3300 norunt.
959 3223 1009 3299 Et
1023 3227 1099 3302 hoc
1119 3235 1262 3309 melior

168 3329 281 3418 aliqui
299 3326 402 3398 Deus
428 3341 490 3399 aut
512 3325 624 3400 nescit
650 3339 711 3401 aut
740 3325 913 3400 sustinet?
945 3325 1008 3418 Si,
1043 3343 1086 3400 ut
1103 3351 1155 3402 ex
1184 3332 1262 3408 hot

63 3497 74 3509 ,,
170 3429 301 3501 melior
320 3426 567 3521 inveniretur,
595 3439 731 3518 quanto
753 3441 896 3500 creator
913 3423 1074 3500 deterior
1101 3427 1261 3508 habere·

45 3589 47 3594 ,
167 3541 252 3617 tur,
276 3525 358 3600 satis
380 3525 414 3597 dr
434 3526 470 3597 in
488 3525 557 3598 isto
582 3525 732 3600 consilio
749 3522 969 3620 malitiosus,
1004 3527 1065 3618 qui
1092 3527 1130 3602 dr
1153 3531 1262 3608 illum

145 3633 147 3642 ⁴
169 3627 293 3700 voluit
303 3637 497 3726 pneratum
514 3627 786 3720 operationibus
802 3627 875 3719 ejus
894 3624 1068 3720 admistis,
1092 3625 1263 3708 seculum

167 3723 207 3794 in
225 3725 425 3798 vexatione
443 3725 608 3802 detinuit.
661 3725 759 3827 Quid
776 3723 820 3799 de
837 3723 898 3798 tali
912 3723 1056 3798 medico
1068 3726 1263 3818 iudicabis

166 3819 232 3914 qui
252 3824 390 3908 nutriat
405 3825 575 3904 morbum
592 3847 695 3904 mora
716 3823 886 3921 praesrdii,
915 3823 1182 4004 &periculuzn
1200 3853 1261 3908 ex.

1069 3937 1139 4004 ten
1170 3948 1214 4006 at
