2616 4336
97 141 248 272 „21³⁸
325 157 375 260 Q.
398 155 537 234 Sene.
562 157 701 237 Fene.
726 152 1133 238 Taurunum
1179 267 1180 275 Ν

176 332 320 415 vertat,
346 319 464 396 &fibi
483 322 624 416 cupiat,
658 321 815 415 inquitis
846 323 1277 406 novi‘denuutionen·

153 425 305 502 mentis
325 421 363 496 in
387 423 495 497 malus
515 435 647 516 partes.
674 435 766 516 quot
788 419 987 498 desertores
1002 425 1109 500 bonae
1130 421 1253 506 vite?

176 535 270 618 quot
285 519 478 617 transugae
494 520 788 616 imperversum?
813 521 926 598 Multi
944 525 1044 598 bona
1061 521 1153 619 fide,
1180 526 1254 600 im-

174 644 237 702 mo
261 623 338 716 jam
353 643 379 716 p
460 643 476 696 s
501 641 570 716 pro
593 621 877 712 emunitatibus
901 635 1116 717 temporum.
1167 625 1256 698 Ve-

173 743 275 816 rum,
301 623 640 898 defifflaequetio
662 724 942 819 comparationis
962 722 1070 798 istius.
1098 745 1178 798 nam
1197 724 1251 798 de

173 826 270 900 maio
294 823 346 896 ita
365 843 411 894 co
490 835 506 895 t
525 822 618 916 apud
638 843 796 917 omnes,
830 834 874 896 ut
891 843 937 896 ne
952 823 1015 916 ipsi
1033 823 1175 917 quidem
1189 825 1252 899 rei

174 924 236 1018 qui
252 921 296 997 ad
309 921 440 1016 melum
452 917 656 1016 transeunt,
680 921 870 996 &avobis
885 923 923 996 in
937 921 1106 1016 perversa
1124 923 1250 998 diver·
1272 1009 1275 1018 1

172 1035 278 1116 tunt,
305 1021 498 1096 defendere
517 1024 648 1098 malum
661 1043 731 1118 pro
752 1022 855 1096 bono
873 1021 1038 1098 uudemt.
1065 1023 1184 1116 turpia
1200 1023 1249 1098 ti-

104 1159 110 1170 ·
170 1123 284 1200 morit
309 1121 441 1214 pudori
462 1121 570 1216 impis
591 1122 743 1196 habent:
769 1121 924 1214 denique
945 1119 1097 1218 gestiunt
1110 1123 1247 1196 latere:

172 1222 340 1297 devitent
359 1241 554 1316 apparere,
578 1221 761 1315 trepidant
779 1215 1007 1315 deprehenfi,
1034 1233 1167 1316 negant
1186 1243 1246 1296 ac·

106 1387 111 1398 .
172 1321 302 1397 cusati:
327 1341 375 1393 ne
388 1321 479 1394 torti
493 1319 636 1413 quidem
650 1320 755 1395 facile
773 1335 835 1394 aut
850 1317 985 1414 semper
1005 1317 1245 1414 confitentur,

26 1401 30 1416 ⁵
171 1436 272 1497 certe
312 1419 467 1496 damnati
503 1433 679 1504 moerent:
716 1421 939 1514 exprobrant
971 1421 1105 1494 etenim
1141 1422 1247 1512 quod

170 1533 276 1598 erant
293 1521 331 1594 in
344 1518 567 1614 semetipsos:
591 1521 691 1596 male
711 1521 840 1596 mentis
860 1521 904 1594 ab
915 1519 1127 1594 innocentis
1145 1535 1246 1594 tran·

168 1623 275 1700 ntum
290 1621 352 1694 vei
366 1619 446 1695 fato
457 1621 655 1714 imputant:
683 1620 775 1694 adeo
793 1617 1139 1713 noluntsuumeise,
1158 1621 1246 1714 quia

169 1724 304 1798 malum
334 1739 467 1818 negare
490 1739 568 1796 non
601 1717 756 1814 poffunt
807 1718 995 1796 Christiani
1027 1739 1121 1802 vero
1154 1721 1272 1814 quid⁸

169 1824 243 1897 tale
256 1818 553 1913 consequuntur,i
578 1821 758 1896 neminem
776 1820 907 1918 pudet,
933 1821 1111 1896 neminem
1129 1822 1243 1914 poeni·

167 1933 247 2016 tet,
272 1921 489 2008 nisttmtum
504 1919 744 2016 pristinorum.
770 1919 1026 2014 fidenotatun,
1053 1921 1242 2016 gloriatus:

103 2099 105 2105 ,
167 2022 195 2101 fi
213 2021 389 2114 trahitur,
414 2039 493 2094 non
509 2017 676 2095 subsistit:
698 2017 946 2113 naccusstur,
971 2041 1050 2094 non
1066 2018 1241 2094 defendit.

165 2123 432 2216 interrogatus,
450 2115 664 2194 confitetur:
683 2119 890 2214 daumatus,
902 2121 1089 2217 gloriatin.
1110 2119 1243 2220 'Quod

166 2221 243 2298 hoc
257 2223 389 2296 malunt
403 2219 474 2315 est,
500 2219 537 2294 in
552 2240 626 2316 quo
640 2220 724 2296 mali
736 2233 864 2295 nutura
876 2217 1014 2297 cessat?

244 2341 277 2397 ι.
302 2319 344 2394 ln
365 2341 439 2413 quo
454 2319 519 2416 ipfi
532 2322 639 2394 ¹etiarn
655 2320 947 2398 contraformum
961 2319 1244 2412 judicandomm

166 2421 345 2500 malorum
359 2421 538 2514 judicatis.
588 2419 711 2515 Nam,
744 2432 922 2496 nocentes
948 2419 1092 2512 quidem
1107 2419 1243 2514 perdu-

167 2521 266 2616 ctos,
292 2519 516 2596 fiadmiisum
529 2533 688 2617 negent,
720 2523 910 2594 tormentis
929 2521 1065 2618 urgetis
1090 2517 1135 2594 sd
1151 2541 1243 2596 con·

55 2617 58 2623 ’
165 2621 376 2716 feiiionem,
409 2619 628 2698 Chriffianos
650 2641 743 2694 vero
767 2621 897 2719 sponte
922 2617 1131 2714 confeffos,
1161 2633 1244 2692 tor·

164 2722 297 2798 mentis
317 2723 551 2816 comprimitis
568 2722 613 2795 ad
633 2722 874 2819 negationem.
927 2722 1018 2820 Quae
1038 2731 1140 2792 tama
1157 2739 1243 2814 per·v

164 2820 335 2910 vetites,
360 2834 404 2894 ut
422 2821 632 2896 confeffioni
644 2821 875 2918 repugnetis,
899 2818 1242 2894 tormentonunof-

164 2915 429 3016 ficiamutetle,
456 2919 563 3018 gratis
582 2941 685 2996 reum
702 2921 876 3014 evadere,
901 2921 1057 2994 invitum
1079 2921 1244 3012 conpel-

164 3021 282 3098 lentes
303 3018 456 3117 negare?
482 3019 646 3096 Praefides
664 3019 920 3114 extorquendae
942 3019 1103 3094 veritatis
1121 3019 1167 3092 de
1184 3017 1241 3094 so-

164 3123 209 3198 lis
222 3121 330 3195 nobis
350 3119 575 3196 mendacium
597 3121 808 3214 exquiritis,
833 3133 876 3193 ut
897 3117 1052 3194 dicunus
1070 3133 1140 3194 nos
1158 3139 1240 3192 non

165 3219 349 3314 essequod
366 3217 494 3297 sumus.
546 3219 713 3316 Opinor,
738 3241 815 3295 non
836 3219 948 3292 vultis
968 3239 1038 3292 nos
1055 3221 1170 3292 malos
1190 3217 1240 3292 es·

164 3319 224 3415 se,
249 3321 405 3414 ideoque
425 3319 557 3418 gestitis
575 3321 620 3394 de
636 3317 706 3396 isto
727 3321 875 3394 nomine
895 3317 1109 3402 excludere!
1143 3317 1241 3394 Sane

164 3433 310 3495 ceteros
331 3421 376 3494 ad
388 3422 461 3494 hoc
472 3419 618 3494 tenditis
639 3417 924 3518 &caminetum
945 3433 988 3496 ut
1009 3432 1145 3516 negent
1166 3417 1241 3492 effe

165 3521 265 3611 quod
282 3519 352 3594 ess'e
367 3519 554 3594 dicuntur!
586 3518 729 3611 Atquin
745 3521 812 3594 illis
833 3519 1043 3616 negantibus
1063 3539 1140 3592 non
1159 3539 1240 3592 cte·

58 3680 65 3690 ,
164 3619 401 3694 ditistnobis
416 3618 442 3694 fi
455 3620 725 3714 negaverimus,
753 3619 869 3694 statim
884 3617 1056 3692 creditis·
1092 3616 1128 3689 Si
1145 3622 1241 3694 certi

40 3745 52 3757 ·
101 3753 107 3774 ·
164 3717 246 3792 estis
268 3741 337 3793 nos
358 3719 624 3794 nocentiffimos
652 3717 744 3814 effe,
777 3740 840 3792 cur
859 3719 1017 3792 etianin
1033 3717 1107 3792 hoc
1131 3717 1239 3792 aliter

164 3835 270 3908 quam
284 3833 462 3895 nocentes
478 3821 621 3928 euobis
633 3817 794 3921 agimur?
818 3819 911 3896 Non
926 3817 1031 3911 dico,
1058 3817 1159 3909 quod
1173 3841 1240 3895 ne-

1112 3939 1185 4008 que
