2612 4328
255 501 1025 610 psffluunrfflonmnn
1129 483 1132 490 ’

359 671 919 786 TERTULLIANI

470 901 810 958 ADVERSU'S.

1 1113 14 1192 a
83 1047 298 1189 hira
374 1035 437 1188 R
499 1055 557 1186 C
624 1052 787 1187 Is)
855 1051 917 1186 N
975 1038 1176 1188 E'Ni

330 1295 949 1402 trauarn1uus

565 1505 648 1560 4,

40 1661 46 1674 ι
80 1622 156 1805 Si
179 1621 263 1716 quid
275 1635 377 1696 retro
397 1625 532 1722 gestum
551 1624 603 1698 est
618 1625 724 1698 nobis
742 1621 909 1697 adversus
922 1621 1171 1716 Marcionem,

14 1777 21 1790 .
168 1724 241 1816 jam
260 1725 345 1796 hinc
368 1726 512 1798 viderit.
547 1723 698 1799 Novam
712 1742 790 1796 rem
809 1721 1031 1819 aggredimur
1048 1741 1094 1794 ex
1108 1743 1191 1794 ve.

5 1829 46 1871 '·
80 1839 184 1899 tere.
236 1822 390 1897 Primum
415 1821 653 1924 opusculum,
689 1823 784 1916 quast
808 1833 1065 1920 properatum,
1098 1824 1173 1914 ple-

79 1926 199 1998 niore
216 1921 341 2016 postea
355 1925 619 2018 compositione
638 1922 858 1998 rescideram.
901 1923 1007 1999 Hanc
1025 1941 1173 2014 quoque

82 2023 256 2097 nondum
283 2023 506 2118 exernplariis
529 2022 734 2117 suffectam,
767 2023 999 2096 fraudarunt
1021 2021 1170 2116 fratris,

15 2161 19 2175 =
84 2124 234 2197 dehinc
248 2121 440 2218 apostata,
475 2125 589 2217 amisi,
617 2125 677 2217 qui
702 2123 800 2197 forte
826 2120 1055 2216 descripserat
1078 2143 1175 2214 quae-·

1 2232 9 2274 t
82 2223 170 2298 dam
190 2223 463 2316 mendosissime,
490 2225 526 2297 dt
546 2223 709 2298 exhibuit
726 2225 947 2317 frequentia.
996 2219 1171 2295 Emendatq

1 2325 7 2420 i
83 2324 203 2396 tionis
221 2323 402 2398 necessitas
421 2323 513 2416 satta
530 2323 591 2398 est.
642 2323 899 2398 Innovationis
917 2323 994 2414 ejus
1013 2321 1170 2416 occasio,

1 2431 8 2503 i
85 2422 225 2516 ahquid
249 2423 404 2516 adjicere
427 2423 604 2518 persuasit.
658 2424 714 2497 Ita
735 2424 832 2498 stilus
852 2422 915 2496 iste
933 2441 1031 2524 nunc
1053 2421 1098 2493 de
1121 2419 1170 2492 se-

1 2553 6 2622 9
83 2523 213 2596 crmdo
238 2524 390 2618 tertius,
419 2523 515 2598 &de
541 2527 653 2596 tertio
677 2525 748 2616 J'arn
772 2523 857 2596 hinc
887 2521 1046 2616 primus,
1071 2521 1186 2611 hunc·

1 2626 8 2678 ¹
85 2621 254 2716 opusculi
286 2621 337 2696 sui
372 2625 507 2698 cirinum
532 2623 730 2698 necessario
755 2623 956 2718 praefauu,
985 2640 1033 2706 ne
1058 2639 1168 2712 quen·

1 2729 6 2778 ¹
85 2743 199 2814 quam
219 2726 375 2796 varietas
401 2726 499 2818 ejus,
532 2723 570 2797 in
591 2723 744 2820 disperso
764 2736 927 2817 reperta,
954 2720 1186 2797 confundat.-

1 2827 7 2878 i
81 2819 227 2894 Pontus
238 2824 359 2918 igitur,
374 2827 433 2918 qui
443 2821 621 2920 Euxinus,
638 2840 767 2898 natura
782 2835 955 2920 negatur,
966 2821 1115 2896 nomine
1126 2822 1166 2894 il·

1 2944 7 2964 ·
82 2921 234 2996 luditur.
261 2920 439 2998 Caeterunr
453 2922 664 3018 hospitalem
676 2921 833 2998 Pontum
845 2943 914 2996 nec
934 2923 979 2996 de
996 2921 1066 2994 situ
1080 2920 1166 2994 resti·

82 3043 162 3094 mes
176 3043 186 3092 ε
202 3023 252 3094 ita
266 3025 307 3096 ab
326 3025 593 3099 humanioribus
610 3025 712 3100 fretis
726 3022 880 3116 nostris,
895 3023 989 3114 qttasr
1008 3021 1165 3114 quodam

81 3121 646 3220 barbariaesuaepudoreseceffit:
668 3137 793 3221 gentes
801 3123 1020 3198 ferocissima
1030 3120 1187 3194 inhabi-·
1296 3115 1301 3130 “

83 3221 343 3315 tanchtamen
354 3225 536 3298 habitatur
553 3225 590 3298 in
602 3223 772 3319 plaustro,
798 3221 908 3298 Sedes
922 3219 1187 3314 hrcertavita:
1267 3306 1270 3320 Ι

85 3321 227 3414 cruda,
254 3323 367 3396 libido
390 3321 614 3419 promiscua,
637 3324 672 3398 tr
697 3325 888 3420 plurimum
909 3323 1027 3416 nuda,
1056 3319 1163 3394 etiam

86 3441 168 3494 cum
193 3421 440 3513 abscondunt3
466 3423 633 3518 suspensis
659 3426 704 3498 de
725 3425 814 3521 jugo
839 3425 1015 3518 pharetris
1039 3417 1163 3492 indici·

12 3549 15 3557 ·
84 3517 176 3616 bus,
203 3543 250 3596 ne
275 3524 353 3616 quis
378 3523 590 3602 intercedat.
641 3521 696 3598 ita
715 3545 784 3598 nec
805 3525 909 3597 armis
935 3521 1002 3596 suis
1024 3518 1163 3600 erubes-

86 3636 183 3695 cunt.
243 3621 436 3698 Parentum
464 3625 669 3719 cadavera,
704 3647 786 3698 cum
810 3623 1038 3718 pecudibus,
1076 3615 1162 3694 caesa

86 3721 265 3796 convivio
291 3728 513 3819 convorant.
574 3727 649 3898 (gri
674 3744 752 3798 non
774 3727 825 3808 ita
844 3719 1082 3814 decesserint,
1117 3733 1160 3794 ut

87 3815 244 3896 escatiles
271 3821 427 3918 suerint,
461 3821 588 3899 maledi
626 3845 763 3900 amors
791 3821 852 3898 est.
902 3821 986 3900 Nec
1007 3819 1160 3997 fpenrinae

592 3923 677 4016 Ta
1039 3942 1110 3996 exu
