2612 4328
40 320 41 354 Ν
186 245 257 322 324
324 213 727 319 <obteniant
760 213 1108 300 Tanauarrsnr

39 398 40 452 1
182 381 302 460 cunda
326 393 468 476 autem,
506 383 543 455 in
568 381 744 476 alienam,
781 403 827 456 ex
851 381 1087 457 redundantia
1113 381 1256 477 justitie

38 474 39 488 '
181 474 507 577 super'Scribarunr
522 479 557 554 dr
575 479 852 575 Pharisaeorum,
881 483 984 576 quale
999 481 1252 560 estvsecundarn

182 585 219 659 ei
237 581 416 676 rationem
434 580 586 678 referri,
611 581 670 654 cui
690 577 813 666 deficit
828 581 963 676 prima,
995 603 1074 658 non
1089 583 1254 660 habentia

181 682 370 780 proprium
400 682 606 773 hominem,
640 701 684 754 ac
710 701 778 776 per
808 681 881 756 hoc
912 701 1058 776 quoque
1090 683 1249 780 exigue?

178 781 299 858 Porro
321 783 471 879 exigua,
506 801 585 876 quae
608 777 708 856 suum
730 802 809 856 non
827 782 977 882 habuit,
992 781 1189 878 ‘quomodo
1213 785 1252 860 in

180 881 337 960 alienum
365 879 609 958 redundavit?
645 878 787 958 Exhibe
812 901 854 956 re
907 883 1116 978 rincipalem
1142 885 1252 958 ratio·

179 1004 289 1078 uem,
316 982 450 1058 &orne
464 983 608 1056 vindice
620 979 837 1073 sequentem.
926 983 1062 1058 uliares
1075 981 1250 1058 stneordi-

181 1085 233 1158 ne
245 1083 431 1156 rationalis
444 1081 567 1176 potest
575 1081 764 1176 vindicari,
776 1095 881 1156 tanto
892 1081 1003 1176 abest,
1015 1095 1059 1155 ut
1072 1083 1164 1158 ratio
1178 1083 1261 1178 ipsa.

177 1182 352 1300 inaliguo
364 1180 528 1295 ordinem
537 1181 687 1296 annuet
712 1179 872 1296 §itnunc
888 1181 922 1255 dr
939 1177 1128 1300 asecundo
1140 1187 1251 1281 gradu

100 1439 105 1458 ,
177 1301 354 1470 iiiiii
368 1281 1166 1478 limidi?{iitnssnciiii'iiiinfiffldiit
1179 1305 1252 1462 lt

176 1477 338 1558 stuata
388 1477 498 1560 ¹Tunc
518 1481 615 1556 enim
635 1481 819 1556 rationalis
830 1481 1026 1556 ,habebitur
1046 1485 1110 1556 vel
1128 1479 1253 1562 secun·

45 1627 63 1650 2
177 1581 271 1660 dain
287 1590 499 1668 exuaneum
514 1581 680 1677 bonitas,
697 1582 723 1656 ll
740 1581 811 1657 line
824 1581 952 1676 injuria
964 1583 1039 1676 ejus
1058 1597 1231 1677 operetur

177 1683 279 1776 tarjus
292 1679 425 1758 estres.
453 1683 715 1782 Quamcunque
725 1683 927 1758 bonitatem
934 1681 1069 1776 justitia
1078 1639 1252 1778 prirnaeiz

176 1779 256 1858 ficit
273 1782 498 1856 rationalem.
536 1780 595 1854 Si'c
617 1781 652 1855 dr
672 1783 709 1854 in
725 1783 913 1877 principali
933 1781 1044 1879 gradu
1063 1783 1253 1862 rationalia

177 1883 267 1976 erit,
284 1901 366 1956 curn
379 1881 504 1956 inrern
521 1876 618 1954 suain¹
634 1881 846 1974 exhibetur,
863 1881 889 1956 ti
902 1879 994 1976 justa
1005 1883 1059 1959 fit.
1084 1881 1195 1960 Sic&
1213 1887 1253 1962 in

175 1995 386 2060 extraneum
398 1981 583 2054 rationalis
599 1981 716 2055 videri
733 1981 893 2076 poterit,
919 1981 1039 2056 iinon
1053 1981 1097 2058 fit
1111 1983 1252 2078 iniusta.

136 2138 140 2146 .
176 2079 357 2158 careum
380 2080 492 2173 qualis
512 2081 677 2170 bonitas,
716 2101 793 2173 quae
815 2102 880 2182 per
900 2081 1064 2175 injuriam
1085 2081 1253 2176 constat,

176 2181 366 2276 &quidem
377 2201 446 2275 pro
465 2181 669 2256 extraneo?
693 2179 841 2256 fortaiie
855 2183 949 2256 enirn
963 2202 1033 2276 pro
1049 2182 1256 2260 domestico

175 2281 596 2376 aliquatenusrationalis
616 2281 791 2356 habeatur
804 2281 948 2356 bonitas
963 2279 1143 2376 injuriosa.
1176 2283 1255 2360 Pro

33 2401 38 2418 ’
174 2395 351 2458 extraneo
381 2401 498 2476 vero,
525 2383 584 2454 cui
608 2403 677 2458 nec
701 2383 818 2478 proba
842 2381 999 2480 legitime
1019 2382 1258 2482 deberetur,

70 2493 71 2498 ‘
175 2503 245 2578 qua
284 2481 429 2555 ratione
471 2496 546 2558 tarn
588 2481 716 2576 injrrsta
760 2481 945 2556 rationalis
995 2479 1258 2560 defendetur?

175 2581 278 2684 Quid
309 2578 615 2676 criminalius,
650 2581 736 2676 quid
765 2581 919 2674 iniquius
957 2581 992 2656 o
1025 2582 1255 2680 improbius,

63 2767 68 2782 Ι
173 2700 280 2777 quam
298 2679 349 2756 ita
369 2680 488 2755 alieno
506 2681 720 2756 benefacere
733 2677 865 2775 servo,
892 2695 935 2754 ut
952 2681 1101 2756 domino
1121 2683 1257 2778 eripia-

172 2796 254 2876 tur,
278 2792 322 2852 ut
338 2780 396 2853 aiii
411 2781 630 2876 vindicetur,
655 2797 697 2856 ut
710 2779 878 2856 adversus
897 2795 1005 2876 caput
1021 2781 1158 2859 domini
1171 2783 1256 2862 sub

173 2878 352 2958 ornetur?
378 2876 429 2952 Et
448 2881 612 2976 quidem,
638 2883 739 2975 quod
752 2881 953 2980 indignius,
986 2883 1024 2956 in
1040 2879 1112 2976 ipsa
1130 2883 1257 2960 adhuc

171 2983 284 3058 dorno
306 2977 477 3074 domini,¹
499 2979 544 3054 de
567 2981 671 3075 iplrus
699 2981 814 3056 adhuc
835 2983 976 3056 horreis
998 2974 1159 3077 vivens,
1188 2983 1258 3062 sub

169 3081 276 3178 ipfius
292 3077 410 3154 adhuc
421 3081 532 3176 plagis
547 3079 729 3156 tremens?
744 3079 854 3154 'Talis
870 3079 1019 3155 aliertor
1034 3081 1142 3155 etiarn
1155 3080 1260 3162 daur·

154 3187 317 3260 'notetur
337 3183 376 3255 in
389 3177 535 3275 seculo,
560 3180 693 3256 nedum
709 3183 897 3279 plagiator.
922 3179 1014 3254 Non
1025 3179 1128 3255 aliter
1145 3181 1259 3262 Deus

168 3279 373 3358 Marcionis
392 3280 598 3374 inrumpens
623 3281 661 3355 in
686 3281 839 3358 alienum
861 3277 1053 3374 mundum,
1089 3283 1258 3376 eripiens

166 3383 255 3460 Deo
286 3379 496 3473 hominem,
533 3381 626 3474 patri
653 3377 787 3474 filiurn,
825 3381 1014 3455 educatori
1039 3373 1259 3478 alumnum,

166 3483 319 3558 domino
338 3481 529 3574 farnulrun,
563 3493 610 3566 ut
627 3500 709 3554 eum
732 3479 863 3554 efficiat
879 3479 963 3553 Deo
982 3479 1156 3575 impium,
1192 3504 1258 3577 pa-

39 3581 43 3587 ’
166 3584 214 3654 tri
253 3577 511 3676 irreligiosum,
547 3577 734 3652 educatori
773 3582 973 3678 ingratum,
1000 3576 1153 3654 domino
1191 3589 1281 3658 ne.'

166 3701 283 3772 quam.
324 3677 406 3752 Oro
420 3694 483 3772 te,
510 3678 731 3779 irrationalis
749 3679 893 3754 bonitas
906 3677 1015 3754 talem
1027 3675 1136 3772 facit,
1162 3701 1262 3775 qua·

165 3779 237 3856 lem
264 3775 403 3854 faceret
432 3777 687 3852 irrationalis?
726 3779 831 3854 Non,
848 3791 973 3872 putern
1002 3777 1260 3871 impudentio-

163 3897 259 3973 rem,
287 3899 392 3972 quun
410 3879 470 3976 qui
492 3875 532 3954 in
554 3877 667 3957 aliena
682 3899 772 3974 aqua
787 3877 846 3954 alii
866 3875 952 3955 Deo
968 3877 1201 4058 tingmuiglrrm,1²
1210 3881 1261 3956 ad
