2618 4340
190 227 200 239 ·
333 201 420 281 An
469 199 834 282 Macrinus
990 269 992 276 .
1100 227 1125 306 3

47 350 226 468 inspirat,
251 365 311 442 sed
328 389 399 441 vos
422 363 517 440 odor
535 367 615 440 estis
628 365 825 442 suavitatis.
872 365 989 463 Judex
1005 365 1129 464 exspe·
1240 365 1250 379 ⁴
1291 445 1292 452 a

4 495 6 502 ’
46 473 187 564 statur,
212 467 271 542 sed
284 489 355 542 vos
373 467 452 541 estis
467 467 511 539 de
520 467 698 560 judicibus
711 467 791 560 ipsrs
800 467 1002 559 judicaturi.
1030 466 1128 544 Con'·
1221 495 1224 504 ’

45 572 210 649 tristetur
233 569 337 662 illic‚·
367 569 428 661 qui
449 565 602 642 frustum
621 569 727 642 seculi
747 565 903 659 suspirat.
962 567 1128 642 Christia-
1199 566 1203 579 ’
1294 591 1295 602 ¹

44 695 114 749 nus
140 672 249 745 etiam
270 683 373 742 extra
388 687 569 742 carcerem
587 667 708 742 seculo
724 667 972 760 renuntiavit,
997 669 1036 742 in
1053 689 1128 742 car·

46 793 134 848 cere
153 789 274 843 autem
289 772 395 842 etiam
411 768 556 844 carceri.
611 765 712 842 Nihil
728 765 899 860 interest,
925 769 988 841 ubi
1001 769 1073 844 srtis
1088 771 1129 846 in

45 872 196 964 seculo,
223 870 282 961 qui
297 883 400 943 extra
414 867 569 957 seculum
586 866 679 942 estis.
730 865 780 940 Et
796 868 820 940 sr
836 869 953 961 aliqua
972 867 1128 944 amisistis

44 969 307 1067 vitaegaudia,
331 969 535 1064 negotiatio
553 967 605 1040 est
628 965 759 1062 aliquid
782 971 967 1064 amittere,
993 984 1036 1041 ut
1055 988 1129 1044 ma·
1235 983 1238 996 '
1303 947 1304 954 Ν

44 1074 132 1168 jora
147 1069 309 1144 lucreris.
359 1067 461 1141 Nihil
478 1067 593 1142 adhuc
612 1067 694 1142 dico
710 1068 753 1142 de
767 1071 937 1163 proemio,
964 1067 1008 1142 ad
1027 1068 1129 1163 quod

42 1171 141 1246 deus
164 1179 351 1261 martyres
367 1171 508 1242 invitat.
579 1167 692 1262 ipsam
712 1170 864 1244 interim¹
879 1167 1130 1268 conuersatio,

46 1291 138 1346 nem
165 1268 271 1342 seculi
293 1270 328 1342 dr
351 1269 503 1342 carceris
532 1287 809 1362 comparemus,
842 1269 867 1342 fi
890 1289 968 1343 non
988 1271 1069 1363 plus
1088 1270 1137 1346 in·
1258 1303 1262 1314 ·

4 1407 5 1412 ,
47 1385 200 1444 carcere
215 1365 354 1464 spiritus
377 1369 557 1462 acquirit,
591 1389 696 1460 quam
713 1389 799 1441 caro
817 1368 983 1464 amirritp
998 1371 1073 1444 imo
1092 1369 1130 1442 dc

48 1491 135 1565 quae
147 1467 238 1562 justa
262 1465 343 1546 sture
357 1483 450 1551 ,caro
469 1489 546 1542 non
567 1469 698 1546 amittit
717 1489 783 1562 per
806 1489 926 1544 curam
950 1468 1128 1565 ecclesia,

4 1601 5 1612 Ν
45 1591 190 1668 agapen
208 1567 384 1644 fiamrmr
416 1568 452 1642 dr
471 1569 612 1662 insuper
639 1589 715 1660 quae
737 1566 873 1662 semper
896 1572 999 1642 utilia
1019 1565 1138 1664 fidei„

4 1683 5 1730 ἰ
45 1669 195 1766 spiritus
222 1667 434 1761 adipiscitur.
498 1667 589 1742 Non
612 1661 715 1742 vides
735 1669 871 1742 alienos
893 1669 1011 1764 deos,
1050 1689 1130 1744 non
1204 1713 1209 1727 ·
1242 1675 1248 1723 ἱ

4 1801 6 1818 .
43 1769 266 1866 imaginibus
288 1771 611 1862 comminantis,
649 1788 726 1842 non
750 1767 913 1843 solennes
939 1771 1148 1854 nationum·

4 1915 5 1932 ι
43 1871 132 1945 dies
154 1867 225 1961 ipsa
238 1867 496 1943 commixtione
506 1870 718 1963 participas,
744 1890 821 1942 non
836 1869 1021 1944 nidoribus
1034 1867 1130 1964 spur,-

4 2003 6 2030 τ
42 1969 351 2062 deverberans,
375 1991 454 2042 non
470 1970 685 2042 clamoribus
704 1967 1006 2066 spedtaculorum,
1032 1982 1131 2042 atro·
1245 2019 1252 2024 -

4 2083 5 2128 l
41 2072 190 2163 citatc,
217 2067 449 2162 velmors,
474 2071 536 2144 vel
555 2069 774 2162 impudicitia
792 2072 1047 2144 celebrantium
1065 2087 1132 2142 cae-

44 2169 172 2246 deris:
197 2187 274 2242 non
287 2169 327 2241 'iu
343 2169 426 2242 loca
440 2167 624 2244 libidinum
641 2172 865 2263 publicarum
883 2170 982 2242 oculi
998 2169 1052 2242 tui
1068 2171 1132 2244 im·

4 2265 6 2336 i
41 2272 234 2368 pingrlntr
260 2287 397 2362 vacas,
424 2267 649 2363 ascandalis,
676 2289 697 2342 a
720 2269 1009 2364 tentationibus,
1037 2287 1132 2342 are-

4 2387 15 2472 r·
43 2367 330 2446 cordationibus
359 2370 485 2462 malis,
520 2371 593 2462 jam
616 2369 650 2443 δι
673 2389 694 2442 a
714 2368 977 2464 persecutione.
1034 2365 1134 2448 'Hoc
1177 2404 1179 2412 ι
1240 2422 1246 2434 .

43 2467 201 2566 praestat
226 2487 348 2550 carcer
376 2467 607 2568 Christiano,
640 2470 740 2562 quod
762 2489 903 2544 eremus
928 2467 1134 2562 Prophetis.
1217 2536 1223 2554 fi

43 2565 138 2666 lpse
149 2565 313 2642 dominus
326 2570 363 2642 in
378 2565 510 2643 secell'u
524 2569 746 2662 frequentius
763 2571 909 2667 agebat,
935 2584 978 2642 ut
988 2570 1135 2643 liberius
1220 2635 1224 2644 .

4 2667 8 2756 l
46 2681 211 2760 oraret,
240 2683 284 2741 ut
310 2669 432 2742 seculo
454 2669 609 2744 cederet:
670 2667 833 2744 Gloriam
858 2667 1011 2762 denique
1037 2669 1136 2744 suam

4 2759 9 2858 Ι
41 2765 236 2862 discipulis
250 2771 288 2842 in
305 2767 495 2844 solitudine
508 2769 778 2846 demonstravit
830 2768 1047 2844 Auferamus
1060 2787 1135 2842 car-

4 2871 8 2942 l
41 2870 152 2946 ceris
171 2888 329 2964 nornen,
354 2867 522 2946 secessum
536 2882 725 2945 vocemus.
777 2867 850 2946 Etsi
871 2891 1004 2964 corpus
1022 2869 1136 2942 inclu-

4 2989 8 3044 r
40 2972 180 3060 ditur,
205 2969 268 3042 etsr
288 2987 374 3043 caro
390 2965 569 3045 detinebit
579 3023 599 3064 ,.
618 2972 740 3046 omnia
752 2969 887 3066 spiritui
899 2983 1036 3064 patent
1060 2967 1136 3041 Va·

4 3092 9 3146 r
38 3089 145 3170 gare
160 3065 308 3162 spiritu,
335 3067 485 3164 spatiare
499 3069 642 3166 spiritu,
670 3069 705 3144 b
724 3091 801 3144 non
815 3067 925 3144 studia
941 3089 1056 3163 opaca
1072 3071 1137 3140 alit

4 3175 9 3244 'r
35 3169 227 3270 porticus
239 3167 366 3268 longas
378 3189 591 3264 preponens
612 3171 702 3268 tibi,
729 3169 787 3244 sed
801 3169 898 3244 illam
912 3171 1030 3262 viam,
1057 3187 1137 3260 quae
1268 3163 1271 3172 ’

4 3295 9 3342 ε
35 3271 98 3349 ad
115 3267 227 3342 deum
244 3265 353 3344 ducit.
407 3273 589 3372 Quotiens
604 3291 683 3344 eam
696 3269 819 3366 spiritu
835 3267 1138 3360 deambulaveris,

4 3391 9 3446 :'
32 3369 200 3448 totiens
215 3368 253 3442 in
272 3387 418 3446 carcere
433 3391 511 3445 non
530 3371 610 3448 eris.
660 3369 761 3446 Nihil
778 3391 859 3444 crus
878 3367 984 3444 sentit
999 3369 1036 3442 in
1056 3365 1137 3440 nei·

4 3479 9 3547 'r
30 3492 139 3564 vo,
172 3487 255 3542 cum
273 3487 397 3544 marrus
416 3472 455 3546 in
477 3476 570 3546 coelo
587 3469 649 3546 est.
700 3467 843 3570 Totum
860 3469 1042 3546 hominem
1064 3467 1138 3540 ani·

4 3589 139 3654 rmus
157 3565 391 3666 circumest,
418 3571 454 3646 dc
476 3593 551 3666 quo
566 3575 678 3666 velit,
702 3569 885 3653 transfert.
945 3571 1006 3642 Uli
1029 3589 1138 3640 auron

4 3679 124 3756 ierit
145 3693 198 3742 ror
221 3682 336 3760 tuum,
367 3673 432 3744 illic
449 3671 566 3752 erit&
586 3675 753 3760 thesram
769 3689 857 3744 tuus.
916 3667 970 3744 Ibi
988 3689 1075 3768 ergo
1093 3667 1137 3766 lit

4 3791 127 3858 scot
138 3765 331 3873 noſtrum,
353 3772 419 3849 ubi
436 3774 608 3852 volumus
628 3773 763 3850 habere
780 3767 995 3850 thesaurum.

4 3885 22 4042 sk
558 3926 659 4068 ,Ᾰι
897 3939 1130 4067 ’.3.8ἰῑ,
