2482 4326
49 167 440 250 Arotoorrrcus
465 173 728 254 novarros
752 191 959 260 errans.
988 198 1057 280 113
1092 209 1101 220 ·

26 333 149 412 llnines
186 335 292 410 etiam
326 331 504 430 solennia¹
521 354 650 412 eorum
682 310 922 425 conscientia*
939 339 1062 432 potius

26 453 91 526 qum
109 433 255 508 lasciuia
277 435 473 512 celebrant.
533 432 678 510 Grande
704 437 886 512 videlicet
909 437 1068 529 odicium

26 531 93 608 teos
108 533 285 608 &thoros
297 536 334 608 in
349 537 533 630 publicum
549 535 723 630 educere,
748 539 894 619 vicatim
916 539 1067 636 epulari,

26 631 171 709 mittem
203 635 361 708 tabernae
387 635 513 710 habitu
548 636 804 730 abolefacere,
831 641 921 710 vino
950 642 1067 716 lutum

26 751 138 830 agere,
160 735 372 808 cateruatim
390 735 556 810 cursitare
570 737 613 810 ad
629 736 795 830 injurias,
823 737 866 810 ad
881 737 1067 831 impuden·
1173 757 1176 763 ’

26 831 81 924 las,
107 831 150 908 nd
170 833 325 907 libidinis
345 835 543 912 illecebras.
594 833 734 909 Siccine
750 837 972 930 exprimitur
1001 857 1067 931 pu·
1145 885 1147 890 -

26 931 117 1007 licum
136 934 302 1030 gaudium
318 951 382 1028 per
399 931 553 1010 dedecus
577 937 759 1029 publicum
779 933 797 1006 l
824 934 992 1010 Haecine
1010 936 1067 1012 so·

26 1051 108 1105 mnes
128 1033 202 1108 dies
221 1033 423 1128 principum
439 1026 592 1126 decent,
619 1053 698 1128 que
718 1033 807 1108 alios
825 1035 900 1109 dies
917 1057 994 1108 non
1007 1033 1073 1112 de-

26 1131 100 1206 tnti
126 1135 199 1234 Qui
221 1129 418 1206 observant
435 1133 652 1228 disciplinam
672 1129 874 1208 de'Ctesaris
890 1133 1066 1231 respectu,

26 1227 35 1302 l
54 1253 124 1306 earn
145 1249 298 1328 propter
318 1229 702 1328 earnemcarnem,
739 1231 968 1338 &malorum
986 1257 1068 1308 mo·

26 1349 66 1403 nn
80 1331 227 1406 licentia
248 1333 362 1426 pietas
391 1331 493 1430 erit,
530 1333 672 1408 occasio
692 1335 841 1407 luxuriae
862 1338 989 1430 religio
1006 1333 1067 1410 de·
1143 1337 1154 1360 ·“

26 1432 193 1504 trabitur?
222 1431 257 1502 O
281 1453 350 1506 nos
367 1433 499 1508 merito
515 1429 759 1507 damnandos!
787 1454 851 1506 cur
866 1435 958 1606 eniffl
974 1449 1067 1517 uota
1096 1429 1099 1438 ’

26 1529 158 1626 :gaudia
175 1529 348 1604 Caesarum
365 1527 447 1606 casti
465 1527 499 1604 dc
516 1529 625 1606 sobrii
640 1531 790 1626 &probi
803 1554 944 1630 expuo„
957 1527 1066 1608 musi
1183 1566 1189 1579 ’
1206 1525 1210 1536 ’

26 1647 55 1698 tr
68 1627 123 1704 dle
141 1631 228 1706 laeto
240 1631 323 1704 'non
338 1631 465 1706 laureis
483 1629 604 1728 postes
623 1627 906 1708 obumbramus?
931 1654 1000 1705 nec
1013 1636 1065 1706 lu-

26 1729 102 1800 rrnls
121 1729 214 1804 diem
232 1727 455 1826 infringimus
473 1729 492 1806 2
525 1729 687 1806 Honesta
704 1749 762 1818 res
781 1727 832 1804 est
850 1725 1080 1826 solennitate.

26 1825 129 1902 uhliee
155 1831 323 1924 exigente
341 1829 514 1906 inducere
532 1829 655 1906 domui
682 1847 752 1904 ntae
774 1831 933 1904 habitum
958 1833 1065 1928 alicu·

26 1943 44 1997 u
63 1929 154 2002 novi
180 1929 370 2024 lupanaris.
420 1929 544 2004 Velim
563 1943 683 2004 tamen
701 1931 739 2026 in
756 1925 829 2024 hac
847 1952 992 2025 quoque
1007 1952 1063 2004 re·

26 2025 119 2122 tione
138 2027 301 2102 secundae
313 2027 526 2129 majestatis,
553 2029 597 2103 de
617 2031 732 2124 quain
750 2023 944 2104 secundum
962 2031 1064 2104 sacri-

26 2127 112 2220 gium
139 2127 381 2203 convenimur
407 2125 618 2223 Cluilliani,
644 2151 721 2204 non
747 2131 964 2204 celebrando
991 2149 1062 2203 vo·
1122 2187 1129 2196 .

26 2221 117 2302 scum
142 2223 306 2302 solennia
338 2221 532 2324 Caesarum,
555 2251 642 2322 ‚quo
667 2249 770 2314 more
798 2231 967 2304 celebrari
993 2249 1082 2302 nec.
1175 2268 1179 2278 ι

26 2323 177 2420 mesaia,
203 2349 273 2402 nec
289 2327 530 2422 verecundia,
555 2347 624 2402 nec
645 2329 816 2422 pudicitia
831 2329 1063 2422 permittunt,

26 2425 210 2501 doccalio
228 2429 428 2521 voluptatis
443 2427 552 2522 magis
568 2449 672 2523 quam
691 2427 796 2524 digna
810 2428 904 2500 ratio
925 2424 1064 2520 persua·
1143 2509 1146 2514 ,

26 2539 49 2616 ;,
70 2523 229 2601 fidem&
244 2530 434 2602 veritatem
448 2529 600 2604 vestram
614 2525 878 2618 demonstrare,
903 2547 950 2602 ne
964 2525 1064 2602 forte

26 2621 145 2699 *isthic
169 2623 370 2702 deteriores
394 2624 597 2702 Christianis
625 2626 964 2720 deprehendantur,
1000 2627 1063 2719 qui
1093 2689 1096 2695 .

26 2741 52 2796 ts
73 2727 212 2799 nolunt
236 2725 423 2802 Romanos
443 2727 599 2820 haberi,
637 2723 700 2801 sed
718 2725 838 2800 hostes
859 2727 1063 2820 principum

26 2841 248 2901 omniorum.
300 2821 399 2920 Ipsos
420 2827 603 2927 Quirites,
628 2823 806 2922 ipsamque
832 2827 1062 2902 vemneulnm

26 2941 116 3014 ptem
144 2926 294 3000 collium
321 2925 464 3020 plebem
490 2927 699 3019 convenio‚
725 2947 768 2999 an
795 2927 898 2998 alicui
933 2925 1060 3000 Casari

26 3023 192 3116 oparc'at
210 3025 271 3098 illa
289 3025 409 3122 lingua
420 3023 606 3100 Romana?
631 3023 750 3100 Testis
765 3024 816 3098 est
833 3023 998 3118 Tiberis,
1026 3023 1062 3098 dt
1185 3101 1192 3108 .

26 3119 111 3201 lob
135 3123 340 3200 bestiarum.
395 3123 472 3220 Jam
490 3125 515 3200 fi
536 3123 741 3220 pedoribus
770 3125 813 3198 ed
837 3127 1061 3198 translucen-

26 3237 66 3294 ιω
80 3223 262 3317 quandam
274 3221 492 3320 specularem
505 3225 687 3300 materiam
700 3237 827 3299 natine
841 3223 1059 3318 obduaillec,

26 3320 81 3412 im
96 3343 180 3396 non
194 3325 393 3418 praecordia
413 3320 588 3418 insculpta
604 3337 816 3419 apparerent
835 3324 927 3398 novi
940 3343 980 3394 ac
993 3341 1059 3395 no·

26 3417 188 3508 {cesaris
208 3419 351 3498 scenam
374 3427 560 3521 congiario
585 3421 784 3500 dividundo
807 3419 1059 3520 prelidcnn'si

26 3515 88 3598 'nm
106 3523 174 3598 illa
188 3523 283 3596 hora
298 3525 603 3620 quaacclamant,
712 3543 729 3566 “

36 3721 85 3796 re
107 3721 229 3822 nqlris
251 3732 354 3797 mnis
378 3725 452 3800 ribi'
468 3725 628 3828 Juppinr
648 3741 763 3824 augeat
786 3745 899 3800 ennon

40 3913 346 4000 senemaud.
605 3919 649 4009 H
918 3917 1010 4002 Hoc
1092 3877 1122 3894 ’-
